3938 5022
693 646 908 698 canonicos
924 651 1252 698 rsrnouunusrvss.
1533 636 1573 696 sl

371 801 478 888 gretia
491 800 660 867 Lincolnie
675 803 840 888 episcopo,
855 803 1022 890 provisore
1038 803 1196 868 Willelmi
1213 801 1376 889 Campiun
1392 799 1432 867 de
1443 801 1575 889 Irtling·

374 902 480 989 burgo
501 904 608 969 clerici
631 927 650 969 a
675 907 751 971 sede
775 906 954 992 apostolica
980 908 1147 993 deputato,
1171 905 1214 971 ad
1238 907 1348 971 sedem
1364 903 1575 992 apostolicam

376 1015 410 1070 et
432 1005 544 1071 sedem
577 1005 751 1072 cantuarie
780 1029 840 1093 pro
866 1009 1008 1073 tuicione
1041 1029 1147 1095 nuper
1175 1008 1384 1094 interpositas
1410 1009 1445 1072 in
1477 1030 1576 1072 causa

375 1130 434 1174 seu
465 1107 601 1193 negocio
637 1118 727 1173 mota
756 1131 814 1175 seu
850 1119 941 1175 moto
979 1131 1088 1175 coram
1122 1107 1218 1176 vobis
1254 1133 1354 1198 super
1388 1109 1575 1196 provisione

374 1211 524 1296 ejusdem
545 1211 703 1276 Willelmi
726 1212 766 1277 de
788 1212 934 1278 Ecclesia
959 1211 1000 1277 de
1025 1211 1188 1299 Cloptona
1207 1223 1355 1293 vacante,
1377 1223 1412 1278 et
1434 1209 1476 1278 ad
1500 1231 1575 1298 pre-

375 1314 597 1379 sentacionem
629 1314 789 1379 dictorum
818 1315 1027 1380 dominorum
1057 1337 1203 1380 meorum
1238 1325 1416 1402 spectante,
1447 1313 1482 1380 in
1512 1315 1575 1379 hiis

375 1416 506 1502 scriptis
527 1417 661 1496 innovo,
682 1429 717 1480 et
740 1439 781 1482 ex
803 1417 1007 1481 habundanti
1032 1417 1162 1481 easdem
1185 1419 1277 1483 sedes
1303 1441 1322 1483 a
1344 1418 1438 1483 vobis
1460 1419 1575 1483 iterato

375 1521 526 1605 appello,
558 1519 708 1585 videlicet
729 1529 800 1582 tum
822 1541 882 1605 pro
904 1541 944 1584 eo
966 1519 1054 1604 quod
1076 1521 1276 1604 procuratori
1299 1521 1447 1606 ipsorum
1472 1520 1577 1583 domi-

374 1643 493 1686 norum
504 1643 651 1687 meorum
664 1622 815 1707 congruis
829 1623 902 1688 loco
924 1632 958 1688 et
971 1632 1117 1707 tempore
1131 1621 1297 1688 humiliter
1310 1645 1330 1688 a
1343 1622 1437 1688 vobis
1451 1625 1577 1707 petenti

376 1724 553 1790 terminum
574 1725 830 1810 peremptorium
845 1725 908 1790 sibi
922 1725 1078 1811 assignari
1099 1727 1141 1791 ad
1164 1725 1346 1792 exhibenda
1359 1727 1394 1791 in
1409 1725 1576 1812 presencia

377 1834 485 1890 vestra
498 1825 663 1911 privilegia
676 1825 820 1912 ipsorum
833 1827 1038 1893 dominorum
1048 1849 1195 1894 meorum
1210 1828 1272 1893 sibi
1284 1852 1302 1892 a
1314 1829 1390 1894 sede
1401 1827 1577 1913 apostolica

378 1951 543 2010 concessa,
558 1950 617 2015 per
631 1950 694 2015 que
709 1952 744 1994 se
753 1930 837 1994 tueri
850 1930 1065 1996 intendebant
1079 1941 1112 1997 et
1126 1931 1303 1997 intendunt
1317 1941 1431 1997 contra
1453 1931 1577 1995 dictum

378 2032 580 2097 Willelmum
614 2033 787 2120 Campiun,
818 2056 862 2100 ne
897 2035 938 2098 ad
970 2034 1074 2121 ipsius
1103 2035 1323 2121 provisionem
1359 2034 1400 2099 de
1444 2032 1578 2099 ecclesia

379 2135 420 2199 de
457 2134 621 2222 Cloptona
648 2137 794 2222 predicta
825 2139 1000 2225 procedere
1034 2137 1205 2218 deberetis,
1241 2135 1431 2223 hujusmodi
1468 2136 1579 2200 termi-

376 2259 457 2302 num
488 2261 545 2304 seu
575 2239 767 2305 dilacionem
799 2239 975 2305 concedere
1010 2239 1183 2304 recusastis
1213 2239 1322 2302 minus
1355 2239 1468 2322 juste3
1506 2245 1577 2300 tum

377 2341 475 2404 etiam
496 2362 556 2425 pro
580 2361 619 2406 eo
642 2341 730 2427 quod
752 2351 993 2427 procuratorem
1019 2341 1179 2405 dictorum
1205 2339 1411 2403 dominorum
1430 2359 1578 2402 meorum

378 2443 572 2528 legittimum
587 2445 622 2508 in
644 2445 730 2509 dieta
755 2465 851 2509 causa
876 2465 933 2508 seu
957 2442 1092 2527 negocio
1108 2450 1221 2506 contra
1236 2441 1358 2505 dictum
1373 2439 1577 2504 Willelmum

380 2546 543 2632 Campiun
557 2556 592 2610 et
605 2546 675 2631 ejus
690 2545 815 2610 libellos
831 2543 1098 2610 convencionales
1113 2543 1198 2630 parti
1218 2543 1395 2607 eorundem
1411 2550 1578 2627 porrectos

379 2651 569 2736 excipiendo
583 2650 618 2714 in
633 2651 737 2714 forma
747 2649 841 2735 juris,
856 2655 1093 2734 proponentem
1105 2646 1193 2732 quod
1208 2669 1283 2712 cum
1298 2645 1422 2710 eisdem
1437 2643 1578 2708 dominis

379 2754 446 2818 suis
462 2753 505 2818 sit
519 2753 560 2817 ab
575 2753 753 2839 apostolica
768 2752 844 2817 sede
860 2750 1040 2837 specialiter
1060 2749 1224 2813 indultum
1235 2759 1273 2813 ut
1286 2748 1367 2812 nulli
1381 2769 1440 2833 per
1453 2746 1578 2812 litteras

379 2856 572 2944 apostolicas
582 2856 635 2920 vel
649 2856 827 2940 legatorum
843 2853 1019 2939 apostolice
1035 2852 1121 2916 sedis
1134 2851 1174 2916 de
1189 2851 1345 2916 beneficio
1361 2849 1577 2914 ecclesiastico

378 2960 431 3025 vel
446 2961 603 3044 pensione
625 2967 797 3022 teneantur
820 2956 1000 3041 providere,
1015 2954 1079 3018 nisi
1102 2954 1137 3017 in
1160 2952 1282 3017 eisdem
1304 2951 1421 3015 litteris
1435 2951 1531 3034 plena
1545 2961 1579 3015 et

380 3067 554 3146 expressa!
565 3061 605 3126 de
619 3059 808 3144 hujusmodi
822 3056 1028 3141 indulgencia
1042 3054 1169 3119 mencio
1183 3052 1341 3117 habeatur
1349 3077 1359 3132 3
1373 3052 1481 3114 littere
1502 3072 1579 3136 pro·

292 3199 299 3214 ·
379 3163 497 3229 visoria
523 3163 602 3228 dicti
620 3160 773 3226 Willelmi
797 3161 838 3226 de
860 3158 1066 3242 indulgencia
1088 3155 1233 3240 predicta
1264 3175 1332 3218 non
1356 3152 1510 3216 iacientes
1537 3151 1577 3218 de

379 3265 569 3352 hujusmodi
584 3263 787 3329 mencionem
808 3259 960 3326 carebant
982 3269 1016 3324 et
1030 3265 1140 3323 carent
1161 3257 1288 3335 effectu,
1303 3275 1364 3318 nec
1384 3275 1445 3318 vos
1467 3275 1578 3320 earum

379 3377 531 3456 pretextu
540 3367 715 3454 procedere
726 3364 892 3452 potuistis,
906 3385 966 3428 nec
980 3362 1020 3427 de
1032 3363 1105 3447 jure
1117 3357 1274 3424 debuistis
1284 3358 1325 3422 ad
1337 3355 1582 3424 execucionem,

381 3474 466 3538 Item
487 3473 576 3559 quod
597 3493 672 3536 cum
688 3470 729 3535 de
754 3468 908 3533 mandato
931 3475 1017 3530 retro
1043 3461 1272 3550 pontificorum
1298 3461 1522 3525 Romanorum
1537 3459 1578 3525 de

379 3575 605 3643 ecclesiasticis
626 3573 793 3640 beneficiis
813 3571 1030 3638 addictorum
1052 3565 1275 3652 religiosorum
1299 3563 1505 3629 collationem
1519 3583 1579 3628 seu

379 3679 660 3767 presentacionem
677 3674 911 3762 spectantibus,
927 3680 1066 3758 quatuor
1079 3669 1133 3734 vel
1148 3666 1289 3753 quinque
1304 3664 1428 3731 clericis
1443 3665 1487 3729 sit
1502 3686 1578 3750 pro-

378 3783 485 3846 visum
513 3804 550 3847 ac
575 3777 808 3846 monasterium
834 3797 946 3840 eorum
972 3773 1006 3836 in
1035 3773 1099 3836 hoc
1128 3769 1265 3853 abipsa
1294 3767 1371 3831 sede
1401 3765 1578 3851 apostolica

381 3893 551 3949 oneratum
566 3883 695 3961 existat,
708 3902 768 3946 vos
784 3879 825 3944 ad
839 3877 1059 3964 provisionem
1075 3872 1154 3938 dicti
1167 3871 1325 3936 Willelmi
1347 3869 1382 3934 in
1403 3869 1465 3934 hac
1486 3877 1579 3954 parto

381 3985 614 4052 monasterium
638 3985 748 4069 ipsum
771 3980 906 4046 ulterius
934 3977 1098 4043 onerando
1123 3973 1297 4061 procedere
1322 3993 1389 4036 non
1414 3969 1579 4056 potuistis,

381 4108 443 4152 nec
469 4087 510 4150 de
531 4087 604 4170 jure
630 4084 798 4149 debuistis.
843 4081 930 4147 Item
954 4080 1041 4164 quod
1066 4099 1140 4142 curn
1164 4087 1230 4140 tres
1244 4073 1297 4139 vel
1311 4083 1450 4160 quatuor
1473 4069 1580 4136 clerici

382 4189 501 4276 quibus
524 4187 565 4253 de
589 4186 755 4252 beneficiis
780 4181 1005 4250 ecclesiasticis
1030 4178 1071 4243 ad
1094 4175 1373 4263 presentacionem
1399 4193 1457 4237 seu
1483 4171 1580 4238 colla·
