3938 5022
409 621 452 687 90
728 645 942 694 csnorucos
958 645 1286 694 snuncsunouusn.

456 793 665 860 Constitutus
689 818 797 862 ocrem
822 798 928 878 vobis,
942 799 1120 866 reverendo
1134 807 1225 884 patre
1248 795 1381 862 domino
1396 795 1530 863 Olivero
1545 797 1611 864 Dei

410 898 512 984 gratie
537 899 706 965 Lincolnie
731 902 895 988 episcopo,
910 903 982 988 Ego
1008 911 1196 988 procurator
1218 901 1443 988 religiosorum
1465 901 1610 968 virorum

412 999 538 1066 abbatis
553 1011 586 1067 et
599 1013 780 1069 conventus
795 1005 836 1070 de
852 1007 962 1091 Burgo
978 1005 1080 1070 sancti
1095 1004 1193 1085 Petri,
1208 1005 1243 1069 in
1264 1004 1398 1089 negocio
1413 1005 1608 1090 provisionis

413 1103 581 1170 Willielmi
609 1106 771 1193 Cempiun
801 1109 842 1172 de
868 1109 1087 1194 Irtlingburgc
1121 1108 1227 1174 clerici
1249 1107 1416 1192 provisore
1441 1106 1608 1192 deputato,

209 1211 273 1278 (ἰοὶ.
281 1213 342 1264 etti.
352 1215 401 1280 ν’.)
412 1213 511 1293 lpeto
524 1209 612 1293 quod
626 1231 685 1275 vos
697 1211 784 1276 diem
794 1213 956 1297 precisum
966 1222 1000 1278 et
1013 1211 1269 1298 peremptorium
1282 1211 1381 1275 michi
1395 1209 1529 1274 nomine
1543 1210 1610 1274 dic-

194 1327 334 1380 Deeodom.
413 1319 523 1376 torum
546 1311 752 1378 dominorum
772 1336 919 1380 meorum
941 1316 1143 1400 procuratori
1167 1314 1337 1400 assignetis
1362 1314 1404 1377 ad
1429 1311 1611 1377 exhibenda

413 1435 520 1479 coram
531 1415 625 1480 vobis
639 1417 805 1502 privilegia
815 1418 991 1483 eorundem
1004 1417 1066 1482 sibi
1076 1441 1096 1481 a
1107 1417 1183 1482 sede
1194 1414 1371 1501 apostolica
1380 1436 1543 1494 concessa,
1552 1436 1611 1500 per

411 1538 475 1602 que
485 1515 550 1602 ipsi
563 1518 751 1602 provisioni,
762 1541 859 1604 quem
873 1519 977 1584 facere
990 1518 1158 1584 intenditis
1173 1517 1260 1583 dioto
1274 1517 1431 1583 Willelmi
1446 1517 1609 1602 Cempiun

411 1619 608 1686 deecclesia
633 1621 674 1687 de
698 1623 861 1708 Cloptone
884 1641 974 1688 nunc
995 1631 1141 1700 vacante,
1162 1622 1256 1706 eujus
1277 1622 1332 1706 jus
1355 1628 1544 1706 patronatus
1568 1622 1610 1685 ad

411 1724 543 1788 eosdem
567 1723 717 1788 dominos
743 1747 833 1790 meos
856 1725 1002 1790 noscitur
1027 1732 1182 1810 spectare,
1205 1723 1391 1804 intendunt,
1412 1745 1454 1790 ne
1475 1724 1518 1789 ed
1537 1744 1609 1788 esm

411 1826 605 1908 procedatis,
615 1827 705 1911 juste
721 1826 861 1894 obviare.

456 1927 541 1992 Item
556 1937 632 2012 peto
647 1929 734 2014 quod
750 1932 959 2017 excepciones
982 1933 1018 1997 in
1031 1933 1117 1998 {acto
1142 1930 1337 1997 constitutas
1360 1952 1402 1996 ex
1424 1939 1516 2016 perte
1540 1930 1608 1996 dic·

410 2037 518 2094 torum
541 2029 746 2095 dominorum
771 2056 919 2100 meorum
940 2036 1018 2100 alias
1040 2057 1147 2100 coram
1168 2033 1262 2099 vobis
1283 2033 1318 2099 in
1339 2033 1403 2098 hoc
1417 2033 1531 2098 eodem
1553 2053 1611 2097 ne·

409 2131 503 2217 goeio
526 2139 638 2196 contre
669 2133 792 2197 dictum
818 2132 1021 2198 Willelmum
1044 2133 1206 2218 Campiun
1230 2141 1264 2198 et
1288 2132 1359 2217 ejus
1378 2132 1609 2218 provisionem,

409 2255 508 2319 quam
531 2235 635 2300 facere
656 2235 836 2314 intenditis,
861 2234 896 2300 in
921 2236 1026 2300 forme
1044 2233 1127 2320 juris
1149 2233 1332 2319 propositas
1357 2233 1548 2315 admittatis,
1574 2245 1609 2301 et

409 2336 497 2402 diem
511 2337 610 2404 michi
624 2339 665 2402 ed
687 2337 818 2404 easdem
832 2335 1015 2422 probandas
1030 2335 1212 2422 assignetis,
1231 2335 1373 2421 alioquin
1389 2336 1499 2402 sedem
1513 2359 1607 2423 spos-

409 2439 539 2504 tolicsm
562 2449 596 2504 et
622 2440 732 2505 sedem
759 2438 934 2504 cantuarie
956 2458 1015 2524 pro
1044 2438 1187 2504 tuicione
1210 2461 1229 2502 a
1253 2437 1347 2503 vobis
1376 2458 1518 2522 provoco
1549 2461 1609 2506 seu

409 2543 537 2625 appello
551 2543 585 2605 in
599 2543 663 2608 hiis
678 2541 817 2627 scriptis.

452 2641 537 2704 Item
553 2642 627 2725 quia
642 2643 736 2706 dictis
759 2641 899 2706 dominis
914 2641 995 2706 meis
1018 2664 1085 2707 non
1105 2641 1228 2706 vocatis
1242 2649 1281 2705 ut
1294 2641 1488 2706 interessent
1502 2643 1610 2729 inqui-

407 2741 521 2807 sicioni
536 2743 576 2806 de
587 2743 655 2806 vita
668 2751 702 2807 et
717 2743 964 2807 conversacione
979 2741 1057 2806 dicti
1072 2741 1245 2823 Wilielmi3
1270 2743 1341 2828 ipsa
1355 2742 1525 2828 inquisicio
1540 2767 1609 2812 non

406 2851 507 2925 tenet,
521 2845 610 2909 unde
623 2856 701 2931 peto
715 2845 830 2910 iterato
840 2843 970 2928 inquiri.

452 2947 537 3014 Item
552 2947 627 3034 quia
641 2970 712 3026 vos,
734 2947 864 3012 domine
879 2945 1050 3012 Lincolnie
1072 2945 1233 3032 episcope,
1255 2969 1308 3014 me
1328 2969 1426 3034 super
1439 2951 1606 3034 premissis

406 3052 528 3130 audire,
543 3060 577 3116 et
595 3051 761 3138 justiciam
778 3049 877 3115 michi
894 3049 1027 3116 nomine
1046 3050 1207 3115 dictorum
1230 3051 1436 3117 dominorum
1459 3075 1606 3120 meorum

405 3157 510 3221 fecere
524 3156 680 3221 recusatis
705 3155 813 3220 minus
835 3155 936 3240 juste,
958 3175 1017 3240 ego
1033 3153 1180 3219 senciens
1195 3155 1327 3220 eosdem
1350 3155 1500 3222 dominos
1515 3181 1606 3225 meos

406 3267 440 3324 et
465 3279 517 3322 me
540 3257 673 3322 nomine
695 3255 841 3341 ipsorum
856 3279 875 3320 a
888 3256 982 3321 vobis
1005 3255 1149 3321 indebite
1165 3258 1356 3343 pregravari,
1379 3259 1489 3324 sedem
1511 3283 1606 3347 epos-

405 3359 536 3424 tolicum
557 3381 576 3423 a
598 3359 693 3424 vobis
716 3359 844 3445 appello
869 3368 904 3423 et
936 3359 1101 3444 apostolos
1126 3368 1214 3445 peto,
1239 3370 1272 3425 et
1295 3361 1406 3426 sedem
1432 3362 1606 3429 Csntuarie

405 3482 465 3545 pro
481 3461 633 3527 tuicione.

450 3563 536 3627 Item
551 3563 626 3647 quis
640 3573 711 3628 acte
725 3585 834 3629 eorem
844 3564 938 3630 vobis
951 3564 1063 3630 habita
1072 3565 1107 3629 in
1121 3565 1284 3649 puplicam
1299 3566 1436 3630 formem
1450 3567 1604 3652 redigere,

408 3673 443 3730 et
465 3664 570 3749 sigillo
593 3673 714 3745 vestro,
739 3675 838 3752 prout
860 3667 961 3731 moris
993 3675 1055 3746 est,
1084 3667 1284 3731 communire
1309 3667 1466 3732 recusetis
1494 3669 1604 3736 miuus

403 3767 512 3852 juste3
527 3788 587 3851 ego
603 3767 705 3832 dictes
721 3769 814 3834 sedes
829 3768 956 3854 appello
971 3778 1004 3834 et
1018 3767 1184 3854 apostolos
1198 3778 1287 3854 peto.

450 3869 579 3934 Deinde
593 3869 748 3935 innovate
761 3871 825 3936 fuit
838 3871 1026 3956 appellaeo,
1041 3871 1102 3935 sub
1117 3871 1179 3935 hac
1192 3873 1314 3935 formae

449 3969 522 4054 Ego
538 3969 662 4055 Symon
671 3970 822 4057 Wlwyne
836 3973 877 4036 de
893 3972 1003 4056 Burgo
1018 3971 1163 4050 clericus,
1177 3981 1366 4057 procurator
1380 3973 1602 4061 religiosorum

405 4071 549 4138 virorum
563 4071 690 4137 abbatis
705 4083 739 4139 et
753 4083 934 4140 conventus
953 4075 994 4139 de
1009 4074 1119 4160 Burgo
1135 4075 1238 4140 sancti
1254 4077 1352 4156 Petri,
1367 4079 1602 4164 appelleciones

405 4195 446 4240 ex
468 4184 560 4261 perte
574 4177 750 4243 eorundem
775 4199 795 4242 e
818 4177 912 4244 vobis
935 4177 1113 4246 reverendo
1136 4187 1227 4265 patre
1242 4179 1375 4247 domino
1391 4182 1524 4250 Olivero
1539 4185 1603 4249 Dei
