3938 5022
420 601 481 660 112
735 613 949 658 annomeon
965 611 1295 658 enanoaunnaaaa.

461 764 650 830 Willelmua
663 765 695 830 le
710 765 764 830 Do
779 763 950 830 consuevit
963 763 1083 843 venire,
1098 764 1154 850 qui
1168 764 1274 829 adhuc
1289 773 1456 850 superstes
1470 775 1531 830 est.

194 877 334 926 wodeford.
464 870 505 934 In
522 868 707 933 Wodetord
721 869 864 933 Thomas
879 868 910 932 le
926 867 1082 952 Flemeng
1103 868 1274 932 consuevit
1288 869 1409 948 venire,
1433 869 1489 954 qui
1513 867 1619 933 adhue

415 981 580 1058 superstes
595 979 657 1035 est.

459 1075 627 1141 Gilbertua
644 1074 780 1141 Plumbe
806 1073 977 1140 consuevit
1000 1072 1122 1155 venire,
1145 1076 1238 1160 eujus
1263 1084 1366 1140 terras
1389 1074 1555 1140 Robertua
1578 1074 1619 1140 de

416 1179 623 1263 Kingethorp
637 1187 740 1243 tenet.

459 1280 627 1347 Gilbertus
642 1281 683 1346 de
699 1280 854 1368 Hoyland
876 1280 1049 1346 oonsuevit
1069 1279 1191 1361 venire,
1214 1281 1307 1366 cujus
1333 1290 1435 1346 terras
1452 1279 1620 1346 Hereberd

413 1393 448 1450 et
464 1384 627 1449 Henricua
641 1384 672 1448 le
688 1385 827 1449 Paumer
841 1392 965 1449 tenent.

457 1487 565 1553 Lucas
579 1487 665 1552 filius
680 1487 856 1553 Alexandri
870 1486 1040 1552 consuevit
1053 1487 1174 1567 venire,
1189 1487 1244 1572 qui
1259 1488 1364 1552 adhuc
1379 1498 1555 1573 superstes.

195 1601 332 1662 (fatain
344 1603 392 1666 aa.)
456 1597 471 1672 l
485 1591 643 1656 Ricardus
658 1590 699 1654 de
713 1589 831 1675 Trayty
846 1589 1015 1654 consuevit
1029 1588 1138 1654 venire
1153 1600 1186 1654 et
1201 1590 1307 1654 adhuc
1320 1591 1420 1656 venit.

459 1694 606 1779 Rogema
632 1693 747 1758 Dilkea
777 1692 948 1757 consuevit
971 1693 1093 1771 venire,
1116 1693 1210 1778 cujus
1233 1703 1334 1758 terras
1359 1695 1507 1781 Rogerua
1530 1695 1618 1760 filius

418 1798 489 1882 ejus
504 1805 605 1861 tenet.

462 1900 561 1984 Hngo
575 1899 610 1962 in
624 1898 681 1963 the
698 1897 827 1963 Oroates
850 1897 1020 1962 consuevit
1040 1897 1161 1977 venire,
1184 1898 1277 1983 eujus
1291 1899 1428 1964 heredes
1444 1909 1523 1965 sunt
1537 1900 1620 1965 infra

419 2010 550 2066 etatem.

463 2104 564 2190 Hugo
580 2103 736 2169 Bieatone
751 2103 921 2170 consuevit
935 2103 1057 2184 venire,
1072 2104 1127 2190 qui
1143 2104 1249 2170 adhuc
1264 2115 1430 2192 superstes
1445 2117 1507 2172 est.

462 2205 626 2272 Henricus
649 2206 756 2271 Suave
782 2205 953 2271 consuevit
975 2205 1097 2285 venire,
1112 2207 1206 2291 cujus
1229 2219 1330 2271 terras
1346 2207 1509 2272 Henricua
1531 2208 1622 2273 Brun

418 2319 452 2377 et
466 2309 626 2374 Rieardus
640 2309 663 2374 J
665 2331 723 2375 0oe
736 2317 862 2374 tenent.

460 2413 626 2478 Walterua
642 2412 798 2498 Flameng
812 2412 984 2478 consuevit
1007 2411 1129 2493 venire,
1153 2413 1246 2499 cujus
1268 2423 1370 2479 terras
1385 2414 1566 2480 Nicholaus
1581 2415 1621 2481 de

420 2517 527 2582 Bosco
542 2525 644 2582 tenet.

463 2618 657 2684 InLufwike
667 2618 830 2683 Robertua
840 2617 1622 2704 deNodariiseonsuevitvenire,quiadhucvivit.

464 2720 563 2804 Hugo
578 2719 664 2784 filius
679 2719 775 2784 Alani
790 2719 960 2783 consuevit
973 2719 1084 2784 venire
1107 2729 1141 2784 et
1165 2720 1271 2784 adhuc
1284 2721 1386 2800 venit,
1402 2722 1460 2785 sed
1481 2743 1542 2807 pro
1557 2721 1621 2786 alio

418 2831 619 2888 tenemento.

463 2925 654 3012 Radulphus
670 2925 711 2990 de
726 2923 875 2990 Besevile
890 2924 1062 2989 consuevit
1075 2924 1185 2991 venire
1200 2935 1235 2990 et
1245 2925 1353 2991 adhue
1366 2926 1468 2991 venit.

462 3031 569 3095 Adam
604 3028 762 3095 Coleman
787 3028 958 3096 consuevit
990 3028 1115 3109 venire,
1141 3030 1235 3117 eujus
1260 3039 1363 3095 terrae
1388 3030 1553 3096 Robertna
1583 3031 1624 3095 de

419 3133 574 3200 Beaumis
588 3143 691 3200 tenet.

462 3239 609 3324 Rogerua
642 3237 782 3325 Taylard
811 3236 981 3302 consuevit
1010 3237 1131 3317 venire,
1157 3237 1250 3323 eujus
1276 3246 1377 3302 terras
1405 3237 1552 3323 Rogatus
1582 3237 1623 3302 de

420 3340 586 3426 Kylthorp
601 3350 702 3407 tenet.

462 3442 628 3508 Walterus
658 3442 844 3509 Pereheved
873 3441 1044 3508 consuevit
1068 3442 1189 3519 venire,
1213 3443 1307 3527 cujus
1333 3451 1434 3507 terras
1459 3441 1623 3507 Robertua

418 3544 504 3608 filius
518 3547 589 3630 ejua
604 3555 704 3610 tenet.

464 3647 597 3713 Debent
610 3648 788 3734 presentari
801 3670 859 3733 per
873 3649 906 3712 ii.
922 3648 1075 3734 capitales
1090 3647 1312 3727 decennarios,
1331 3647 1493 3727 videlieet,
1510 3647 1625 3733 Hugo-

420 3771 497 3814 nem
511 3749 553 3812 ad
568 3749 706 3813 Pontem
722 3758 757 3813 et
774 3749 951 3834 Hugonem
966 3749 1069 3812 filium
1086 3747 1234 3813 Mabilie.

466 3853 507 3917 In
521 3851 726 3937 'Pbrapatona
747 3851 905 3916 Ricardus
929 3853 969 3916 de
992 3851 1102 3937 'I'rayli
1128 3851 1298 3916 consuevit
1311 3850 1433 3930 venire,
1448 3851 1504 3936 qui
1518 3852 1624 3917 adhuc

422 3963 588 4041 superstes
603 3963 665 4019 est.

465 4057 628 4123 Robertua
643 4057 684 4124 de
701 4057 859 4143 Pulteney
874 4056 1044 4124 eoneuevit
1054 4055 1176 4136 venire,
1191 4057 1284 4141 cajus
1298 4057 1434 4126 heredes
1450 4069 1528 4125 aunt
1542 4059 1625 4124 infra

421 4171 540 4228 etatem
556 4160 638 4226 etin
653 4159 802 4228 custodia
817 4158 958 4225 comitia.
