<?xml version="1.0" encoding="UTF-8"?>
<!DOCTYPE html PUBLIC "-//W3C//DTD XHTML 1.0 Transitional//EN"
    "http://www.w3.org/TR/xhtml1/DTD/xhtml1-transitional.dtd">
<html xmlns="http://www.w3.org/1999/xhtml" xml:lang="en" lang="en">
 <head>
  <title>
</title>
<meta http-equiv="Content-Type" content="text/html;charset=utf-8" />
  <meta name='ocr-system' content='tesseract 3.04.00' />
  <meta name='ocr-capabilities' content='ocr_page ocr_carea ocr_par ocr_line ocrx_word'/>
</head>
<body>
  <div class='ocr_page' id='page_1' title='image "./chroniconpetrob01brucgoog_0049.png"; bbox 0 0 3812 5030; ppageno 0'>
   <div class='ocr_carea' id='block_1_1' title="bbox 607 641 1488 703">
    <p class='ocr_par' dir='ltr' id='par_1_1' title="bbox 607 641 1488 703">
     <span class='ocr_line' id='line_1_1' title="bbox 607 641 1488 703; baseline -0.002 -1"><span class='ocrx_word' id='word_1_1' title='bbox 607 656 821 703; x_wconf 79' lang='lat' dir='ltr'>cnaonroon</span> <span class='ocrx_word' id='word_1_2' title='bbox 846 655 1174 702; x_wconf 75' lang='lat' dir='ltr'>carnonuneausa.</span> <span class='ocrx_word' id='word_1_3' title='bbox 1447 641 1488 700; x_wconf 81' lang='lat'>29</span> 
     </span>
    </p>
   </div>
   <div class='ocr_carea' id='block_1_2' title="bbox 46 805 1489 3883">
    <p class='ocr_par' dir='ltr' id='par_1_2' title="bbox 46 805 1489 3883">
     <span class='ocr_line' id='line_1_2' title="bbox 280 805 1489 895; baseline 0 -21"><span class='ocrx_word' id='word_1_4' title='bbox 280 809 437 895; x_wconf 83' lang='lat' dir='ltr'>assignati</span> <span class='ocrx_word' id='word_1_5' title='bbox 463 808 718 876; x_wconf 89' lang='lat' dir='ltr'>consuetudines</span> <span class='ocrx_word' id='word_1_6' title='bbox 743 819 778 874; x_wconf 90' lang='lat' dir='ltr'>et</span> <span class='ocrx_word' id='word_1_7' title='bbox 800 807 944 889; x_wconf 84' lang='lat' dir='ltr'>servicia,</span> <span class='ocrx_word' id='word_1_8' title='bbox 970 831 1033 894; x_wconf 91' lang='lat' dir='ltr'>que</span> <span class='ocrx_word' id='word_1_9' title='bbox 1065 809 1105 872; x_wconf 92' lang='lat' dir='ltr'>ad</span> <span class='ocrx_word' id='word_1_10' title='bbox 1129 806 1275 895; x_wconf 86' lang='lat' dir='ltr'>predicta</span> <span class='ocrx_word' id='word_1_11' title='bbox 1303 805 1365 872; x_wconf 88' lang='lat' dir='ltr'>tria</span> <span class='ocrx_word' id='word_1_12' title='bbox 1393 809 1489 874; x_wconf 76' lang='lat' dir='ltr'>seoda</span> 
     </span>
     <span class='ocr_line' id='line_1_3' title="bbox 282 910 1489 999; baseline 0 -23"><span class='ocrx_word' id='word_1_13' title='bbox 282 912 421 976; x_wconf 89' lang='lat' dir='ltr'>militum</span> <span class='ocrx_word' id='word_1_14' title='bbox 436 913 612 999; x_wconf 83' lang='lat' dir='ltr'>pertinent,</span> <span class='ocrx_word' id='word_1_15' title='bbox 627 913 770 979; x_wconf 87' lang='lat' dir='ltr'>totaliter</span> <span class='ocrx_word' id='word_1_16' title='bbox 792 924 826 979; x_wconf 94' lang='lat' dir='ltr'>et</span> <span class='ocrx_word' id='word_1_17' title='bbox 847 914 942 999; x_wconf 84' lang='lat' dir='ltr'>plene</span> <span class='ocrx_word' id='word_1_18' title='bbox 962 913 1081 977; x_wconf 85' lang='lat' dir='ltr'>facient</span> <span class='ocrx_word' id='word_1_19' title='bbox 1094 913 1219 997; x_wconf 82' lang='lat' dir='ltr'>prefato</span> <span class='ocrx_word' id='word_1_20' title='bbox 1234 910 1344 977; x_wconf 84' lang='lat' dir='ltr'>abbati</span> <span class='ocrx_word' id='word_1_21' title='bbox 1359 920 1393 976; x_wconf 96' lang='lat' dir='ltr'>et</span> <span class='ocrx_word' id='word_1_22' title='bbox 1415 933 1489 976; x_wconf 91' lang='lat' dir='ltr'>suo-</span> 
     </span>
     <span class='ocr_line' id='line_1_4' title="bbox 281 1015 1487 1103; baseline -0.002 -21"><span class='ocrx_word' id='word_1_23' title='bbox 281 1015 464 1082; x_wconf 88' lang='lat' dir='ltr'>cessoribus</span> <span class='ocrx_word' id='word_1_24' title='bbox 480 1016 548 1080; x_wconf 90' lang='lat' dir='ltr'>suia</span> <span class='ocrx_word' id='word_1_25' title='bbox 562 1017 597 1080; x_wconf 92' lang='lat' dir='ltr'>in</span> <span class='ocrx_word' id='word_1_26' title='bbox 612 1027 817 1103; x_wconf 90' lang='lat' dir='ltr'>perpetuum.</span> <span class='ocrx_word' id='word_1_27' title='bbox 862 1017 958 1082; x_wconf 83' lang='lat' dir='ltr'>Salva</span> <span class='ocrx_word' id='word_1_28' title='bbox 969 1017 1093 1102; x_wconf 79' lang='lat' dir='ltr'>prefato</span> <span class='ocrx_word' id='word_1_29' title='bbox 1104 1015 1256 1102; x_wconf 84' lang='lat' dir='ltr'>Philippo</span> <span class='ocrx_word' id='word_1_30' title='bbox 1270 1025 1305 1080; x_wconf 93' lang='lat' dir='ltr'>et</span> <span class='ocrx_word' id='word_1_31' title='bbox 1314 1015 1487 1081; x_wconf 77' lang='lat' dir='ltr'>heredibus</span> 
     </span>
     <span class='ocr_line' id='line_1_5' title="bbox 282 1119 1487 1206; baseline 0 -24"><span class='ocrx_word' id='word_1_32' title='bbox 282 1119 350 1183; x_wconf 88' lang='lat' dir='ltr'>suis</span> <span class='ocrx_word' id='word_1_33' title='bbox 372 1119 503 1184; x_wconf 84' lang='lat' dir='ltr'>accione</span> <span class='ocrx_word' id='word_1_34' title='bbox 528 1143 587 1185; x_wconf 88' lang='lat' dir='ltr'>sua</span> <span class='ocrx_word' id='word_1_35' title='bbox 611 1142 686 1205; x_wconf 86' lang='lat' dir='ltr'>erga</span> <span class='ocrx_word' id='word_1_36' title='bbox 709 1121 870 1206; x_wconf 80' lang='lat' dir='ltr'>prefatum</span> <span class='ocrx_word' id='word_1_37' title='bbox 897 1119 1048 1185; x_wconf 80' lang='lat' dir='ltr'>abbatem</span> <span class='ocrx_word' id='word_1_38' title='bbox 1072 1129 1107 1185; x_wconf 91' lang='lat' dir='ltr'>et</span> <span class='ocrx_word' id='word_1_39' title='bbox 1126 1141 1328 1186; x_wconf 78' lang='lat' dir='ltr'>successores</span> <span class='ocrx_word' id='word_1_40' title='bbox 1344 1140 1420 1184; x_wconf 87' lang='lat' dir='ltr'>suos</span> <span class='ocrx_word' id='word_1_41' title='bbox 1435 1119 1487 1185; x_wconf 89' lang='lat' dir='ltr'>vel</span> 
     </span>
     <span class='ocr_line' id='line_1_6' title="bbox 281 1222 1488 1309; baseline 0.001 -23"><span class='ocrx_word' id='word_1_42' title='bbox 281 1222 361 1286; x_wconf 85' lang='lat' dir='ltr'>alios</span> <span class='ocrx_word' id='word_1_43' title='bbox 385 1230 547 1302; x_wconf 81' lang='lat' dir='ltr'>tenentes,</span> <span class='ocrx_word' id='word_1_44' title='bbox 563 1223 591 1287; x_wconf 90' lang='lat' dir='ltr'>si</span> <span class='ocrx_word' id='word_1_45' title='bbox 614 1224 671 1309; x_wconf 91' lang='lat' dir='ltr'>qui</span> <span class='ocrx_word' id='word_1_46' title='bbox 695 1224 829 1303; x_wconf 87' lang='lat' dir='ltr'>fuerint,</span> <span class='ocrx_word' id='word_1_47' title='bbox 856 1223 912 1308; x_wconf 93' lang='lat' dir='ltr'>qui</span> <span class='ocrx_word' id='word_1_48' title='bbox 935 1233 1070 1288; x_wconf 88' lang='lat' dir='ltr'>teneant</span> <span class='ocrx_word' id='word_1_49' title='bbox 1093 1233 1194 1288; x_wconf 87' lang='lat' dir='ltr'>terras</span> <span class='ocrx_word' id='word_1_50' title='bbox 1218 1245 1277 1288; x_wconf 89' lang='lat' dir='ltr'>seu</span> <span class='ocrx_word' id='word_1_51' title='bbox 1300 1232 1488 1288; x_wconf 89' lang='lat' dir='ltr'>tenementa</span> 
     </span>
     <span class='ocr_line' id='line_1_7' title="bbox 281 1324 1487 1411; baseline 0.001 -23"><span class='ocrx_word' id='word_1_52' title='bbox 281 1346 418 1409; x_wconf 91' lang='lat' dir='ltr'>quorum</span> <span class='ocrx_word' id='word_1_53' title='bbox 434 1324 570 1390; x_wconf 82' lang='lat' dir='ltr'>servicia</span> <span class='ocrx_word' id='word_1_54' title='bbox 585 1325 627 1389; x_wconf 93' lang='lat' dir='ltr'>ad</span> <span class='ocrx_word' id='word_1_55' title='bbox 646 1327 810 1411; x_wconf 85' lang='lat' dir='ltr'>prefatum</span> <span class='ocrx_word' id='word_1_56' title='bbox 832 1325 1019 1411; x_wconf 89' lang='lat' dir='ltr'><strong>Philippum</strong></span> <span class='ocrx_word' id='word_1_57' title='bbox 1042 1335 1076 1391; x_wconf 92' lang='lat' dir='ltr'>et</span> <span class='ocrx_word' id='word_1_58' title='bbox 1098 1325 1234 1391; x_wconf 91' lang='lat' dir='ltr'>heredes</span> <span class='ocrx_word' id='word_1_59' title='bbox 1261 1347 1338 1390; x_wconf 89' lang='lat' dir='ltr'>suos</span> <span class='ocrx_word' id='word_1_60' title='bbox 1354 1327 1395 1391; x_wconf 90' lang='lat' dir='ltr'>de</span> <span class='ocrx_word' id='word_1_61' title='bbox 1412 1326 1487 1410; x_wconf 87' lang='lat' dir='ltr'>jure</span> 
     </span>
     <span class='ocr_line' id='line_1_8' title="bbox 281 1426 1487 1512; baseline -0.001 -20"><span class='ocrx_word' id='word_1_62' title='bbox 281 1427 422 1492; x_wconf 88' lang='lat' dir='ltr'>debeant</span> <span class='ocrx_word' id='word_1_63' title='bbox 450 1426 623 1511; x_wconf 89' lang='lat' dir='ltr'>pertinere,</span> <span class='ocrx_word' id='word_1_64' title='bbox 653 1427 694 1492; x_wconf 92' lang='lat' dir='ltr'>de</span> <span class='ocrx_word' id='word_1_65' title='bbox 723 1426 842 1511; x_wconf 89' lang='lat' dir='ltr'>quibus</span> <span class='ocrx_word' id='word_1_66' title='bbox 878 1429 972 1493; x_wconf 88' lang='lat' dir='ltr'>terris</span> <span class='ocrx_word' id='word_1_67' title='bbox 1006 1439 1041 1494; x_wconf 92' lang='lat' dir='ltr'>et</span> <span class='ocrx_word' id='word_1_68' title='bbox 1072 1428 1269 1494; x_wconf 88' lang='lat' dir='ltr'>tenementis</span> <span class='ocrx_word' id='word_1_69' title='bbox 1302 1429 1373 1512; x_wconf 88' lang='lat' dir='ltr'>ipse</span> <span class='ocrx_word' id='word_1_70' title='bbox 1401 1429 1487 1492; x_wconf 90' lang='lat' dir='ltr'>inter</span> 
     </span>
     <span class='ocr_line' id='line_1_9' title="bbox 281 1529 1486 1616; baseline 0 -22"><span class='ocrx_word' id='word_1_71' title='bbox 281 1529 432 1595; x_wconf 82' lang='lat' dir='ltr'>abbatem</span> <span class='ocrx_word' id='word_1_72' title='bbox 448 1540 482 1594; x_wconf 92' lang='lat' dir='ltr'>et</span> <span class='ocrx_word' id='word_1_73' title='bbox 503 1538 654 1595; x_wconf 88' lang='lat' dir='ltr'>tenentes</span> <span class='ocrx_word' id='word_1_74' title='bbox 678 1529 804 1594; x_wconf 90' lang='lat' dir='ltr'>medius</span> <span class='ocrx_word' id='word_1_75' title='bbox 828 1551 899 1594; x_wconf 88' lang='lat' dir='ltr'>esse</span> <span class='ocrx_word' id='word_1_76' title='bbox 914 1531 1042 1610; x_wconf 90' lang='lat' dir='ltr'>debeat,</span> <span class='ocrx_word' id='word_1_77' title='bbox 1065 1542 1165 1616; x_wconf 92' lang='lat' dir='ltr'>prout</span> <span class='ocrx_word' id='word_1_78' title='bbox 1188 1532 1228 1596; x_wconf 93' lang='lat' dir='ltr'>de</span> <span class='ocrx_word' id='word_1_79' title='bbox 1248 1532 1321 1615; x_wconf 90' lang='lat' dir='ltr'>jure</span> <span class='ocrx_word' id='word_1_80' title='bbox 1336 1531 1383 1595; x_wconf 90' lang='lat' dir='ltr'>eis</span> <span class='ocrx_word' id='word_1_81' title='bbox 1397 1553 1486 1596; x_wconf 87' lang='lat' dir='ltr'>com-</span> 
     </span>
     <span class='ocr_line' id='line_1_10' title="bbox 282 1632 1487 1718; baseline 0.001 -21"><span class='ocrx_word' id='word_1_82' title='bbox 282 1643 394 1718; x_wconf 85' lang='lat' dir='ltr'>petere</span> <span class='ocrx_word' id='word_1_83' title='bbox 408 1632 524 1716; x_wconf 89' lang='lat' dir='ltr'>possit.</span> <span class='ocrx_word' id='word_1_84' title='bbox 570 1632 622 1696; x_wconf 81' lang='lat' dir='ltr'>Ita</span> <span class='ocrx_word' id='word_1_85' title='bbox 636 1642 744 1696; x_wconf 83' lang='lat' dir='ltr'>tamen</span> <span class='ocrx_word' id='word_1_86' title='bbox 761 1632 848 1717; x_wconf 92' lang='lat' dir='ltr'>quod</span> <span class='ocrx_word' id='word_1_87' title='bbox 864 1633 892 1697; x_wconf 93' lang='lat' dir='ltr'>si</span> <span class='ocrx_word' id='word_1_88' title='bbox 906 1633 1029 1718; x_wconf 86' lang='lat' dir='ltr'>aliquas</span> <span class='ocrx_word' id='word_1_89' title='bbox 1045 1644 1146 1698; x_wconf 86' lang='lat' dir='ltr'>terras</span> <span class='ocrx_word' id='word_1_90' title='bbox 1162 1653 1220 1697; x_wconf 89' lang='lat' dir='ltr'>seu</span> <span class='ocrx_word' id='word_1_91' title='bbox 1234 1642 1421 1698; x_wconf 91' lang='lat' dir='ltr'>tenementa</span> <span class='ocrx_word' id='word_1_92' title='bbox 1434 1634 1487 1698; x_wconf 80' lang='lat' dir='ltr'>rei</span> 
     </span>
     <span class='ocr_line' id='line_1_11' title="bbox 284 1735 1485 1822; baseline 0.001 -23"><span class='ocrx_word' id='word_1_93' title='bbox 284 1735 418 1800; x_wconf 82' lang='lat' dir='ltr'>servicia</span> <span class='ocrx_word' id='word_1_94' title='bbox 432 1735 609 1800; x_wconf 89' lang='lat' dir='ltr'>eorundem</span> <span class='ocrx_word' id='word_1_95' title='bbox 625 1735 811 1800; x_wconf 88' lang='lat' dir='ltr'>tenencium</span> <span class='ocrx_word' id='word_1_96' title='bbox 833 1736 868 1800; x_wconf 91' lang='lat' dir='ltr'>in</span> <span class='ocrx_word' id='word_1_97' title='bbox 889 1757 966 1802; x_wconf 85' lang='lat' dir='ltr'>casu</span> <span class='ocrx_word' id='word_1_98' title='bbox 985 1737 1131 1822; x_wconf 91' lang='lat' dir='ltr'>predicto</span> <span class='ocrx_word' id='word_1_99' title='bbox 1154 1736 1423 1822; x_wconf 84' lang='lat' dir='ltr'>recuperaverint,</span> <span class='ocrx_word' id='word_1_100' title='bbox 1445 1737 1485 1800; x_wconf 92' lang='lat' dir='ltr'>ad</span> 
     </span>
     <span class='ocr_line' id='line_1_12' title="bbox 285 1837 1485 1926; baseline 0.001 -23"><span class='ocrx_word' id='word_1_101' title='bbox 285 1848 406 1904; x_wconf 86' lang='lat' dir='ltr'>sectam</span> <span class='ocrx_word' id='word_1_102' title='bbox 421 1837 509 1902; x_wconf 87' lang='lat' dir='ltr'>cun&#39;e</span> <span class='ocrx_word' id='word_1_103' title='bbox 523 1859 582 1923; x_wconf 89' lang='lat' dir='ltr'>per</span> <span class='ocrx_word' id='word_1_104' title='bbox 596 1848 796 1903; x_wconf 88' lang='lat' dir='ltr'>attornatum</span> <span class='ocrx_word' id='word_1_105' title='bbox 817 1861 913 1904; x_wconf 89' lang='lat' dir='ltr'>suum</span> <span class='ocrx_word' id='word_1_106' title='bbox 927 1840 1074 1905; x_wconf 82' lang='lat' dir='ltr'>iacienda</span> <span class='ocrx_word' id='word_1_107' title='bbox 1088 1849 1261 1905; x_wconf 90' lang='lat' dir='ltr'>teneantur</span> <span class='ocrx_word' id='word_1_108' title='bbox 1275 1861 1335 1926; x_wconf 92' lang='lat' dir='ltr'>pro</span> <span class='ocrx_word' id='word_1_109' title='bbox 1350 1840 1485 1906; x_wconf 87' lang='lat' dir='ltr'>eisdem.</span> 
     </span>
     <span class='ocr_line' id='line_1_13' title="bbox 46 1941 1485 2030; baseline 0.006 -31"><span class='ocrx_word' id='word_1_110' title='bbox 46 1950 92 2016; x_wconf 81' lang='lat' dir='ltr'>(s.</span> <span class='ocrx_word' id='word_1_111' title='bbox 105 1953 215 2002; x_wconf 63' lang='lat' dir='ltr'>creatu.</span> <span class='ocrx_word' id='word_1_112' title='bbox 224 1950 272 2018; x_wconf 58' lang='grc' dir='ltr'>ν.)</span> <span class='ocrx_word' id='word_1_113' title='bbox 329 1947 343 2022; x_wconf 64' lang='lat' dir='ltr'>t</span> <span class='ocrx_word' id='word_1_114' title='bbox 359 1942 435 2006; x_wconf 92' lang='lat' dir='ltr'>Hoc</span> <span class='ocrx_word' id='word_1_115' title='bbox 449 1961 536 2006; x_wconf 91' lang='lat' dir='ltr'>anno</span> <span class='ocrx_word' id='word_1_116' title='bbox 557 1941 718 2007; x_wconf 85' lang='lat' dir='ltr'>concessit</span> <span class='ocrx_word' id='word_1_117' title='bbox 733 1941 886 2006; x_wconf 90' lang='lat' dir='ltr'>dominus</span> <span class='ocrx_word' id='word_1_118' title='bbox 901 1963 960 2007; x_wconf 87' lang='lat' dir='ltr'>rex</span> <span class='ocrx_word' id='word_1_119' title='bbox 976 1943 1167 2028; x_wconf 83' lang='lat' dir='ltr'>scutagium,</span> <span class='ocrx_word' id='word_1_120' title='bbox 1182 1952 1217 2008; x_wconf 89' lang='lat' dir='ltr'>et</span> <span class='ocrx_word' id='word_1_121' title='bbox 1230 1943 1342 2030; x_wconf 88' lang='lat' dir='ltr'>posuit</span> <span class='ocrx_word' id='word_1_122' title='bbox 1356 1953 1485 2008; x_wconf 89' lang='lat' dir='ltr'>scutum</span> 
     </span>
     <span class='ocr_line' id='line_1_14' title="bbox 47 2042 1484 2155; baseline 0.006 -51"><span class='ocrx_word' id='word_1_123' title='bbox 47 2042 216 2155; x_wconf 46' lang='lat' dir='ltr'>‚Possssffl‘’</span> <span class='ocrx_word' id='word_1_124' title='bbox 284 2045 326 2108; x_wconf 92' lang='lat' dir='ltr'>ad</span> <span class='ocrx_word' id='word_1_125' title='bbox 341 2045 552 2130; x_wconf 82' lang='lat' dir='ltr'>quadraginta</span> <span class='ocrx_word' id='word_1_126' title='bbox 563 2045 696 2110; x_wconf 89' lang='lat' dir='ltr'>solidos.</span> <span class='ocrx_word' id='word_1_127' title='bbox 740 2045 786 2109; x_wconf 88' lang='lat' dir='ltr'>Et</span> <span class='ocrx_word' id='word_1_128' title='bbox 797 2046 1012 2132; x_wconf 88' lang='lat' dir='ltr'>perquisitum</span> <span class='ocrx_word' id='word_1_129' title='bbox 1023 2056 1074 2111; x_wconf 87' lang='lat' dir='ltr'>est</span> <span class='ocrx_word' id='word_1_130' title='bbox 1083 2046 1182 2112; x_wconf 86' lang='lat' dir='ltr'>breve</span> <span class='ocrx_word' id='word_1_131' title='bbox 1190 2046 1316 2112; x_wconf 92' lang='lat' dir='ltr'>domini</span> <span class='ocrx_word' id='word_1_132' title='bbox 1329 2047 1412 2133; x_wconf 82' lang='lat' dir='ltr'>regis</span> <span class='ocrx_word' id='word_1_133' title='bbox 1423 2046 1484 2112; x_wconf 90' lang='lat' dir='ltr'>sub</span> 
     </span>
     <span class='ocr_line' id='line_1_15' title="bbox 171 2141 532 2211; baseline -0.003 -1"><span class='ocrx_word' id='word_1_134' title='bbox 171 2141 179 2156; x_wconf 81' lang='grc'><strong>’</strong></span> <span class='ocrx_word' id='word_1_135' title='bbox 284 2147 346 2211; x_wconf 87' lang='lat' dir='ltr'>hac</span> <span class='ocrx_word' id='word_1_136' title='bbox 360 2145 532 2210; x_wconf 80' lang='lat' dir='ltr'>forms:-</span> 
     </span>
     <span class='ocr_line' id='line_1_16' title="bbox 282 2247 1484 2336; baseline 0.004 -25"><span class='ocrx_word' id='word_1_137' title='bbox 282 2305 285 2311; x_wconf 16' lang='grc' dir='ltr'><strong>Α</strong></span> <span class='ocrx_word' id='word_1_138' title='bbox 326 2253 349 2288; x_wconf 86' lang='grc'><strong>“</strong></span> <span class='ocrx_word' id='word_1_139' title='bbox 357 2249 549 2328; x_wconf 83' lang='lat' dir='ltr'>Edwardus,</span> <span class='ocrx_word' id='word_1_140' title='bbox 565 2247 630 2314; x_wconf 91' lang='lat' dir='ltr'>Dei</span> <span class='ocrx_word' id='word_1_141' title='bbox 644 2249 747 2334; x_wconf 85' lang='lat' dir='ltr'>gratia</span> <span class='ocrx_word' id='word_1_142' title='bbox 761 2250 833 2314; x_wconf 82' lang='lat' dir='ltr'>Rex</span> <span class='ocrx_word' id='word_1_143' title='bbox 846 2250 974 2336; x_wconf 82' lang='lat' dir='ltr'>Anglie,</span> <span class='ocrx_word' id='word_1_144' title='bbox 990 2251 1153 2316; x_wconf 83' lang='lat' dir='ltr'>Dominus</span> <span class='ocrx_word' id='word_1_145' title='bbox 1170 2251 1339 2331; x_wconf 89' lang='lat' dir='ltr'>Hibernie,</span> <span class='ocrx_word' id='word_1_146' title='bbox 1357 2263 1391 2316; x_wconf 90' lang='lat' dir='ltr'>et</span> <span class='ocrx_word' id='word_1_147' title='bbox 1405 2253 1484 2317; x_wconf 87' lang='lat' dir='ltr'>Dux</span> 
     </span>
     <span class='ocr_line' id='line_1_17' title="bbox 282 2352 1484 2439; baseline 0 -21"><span class='ocrx_word' id='word_1_148' title='bbox 282 2352 1059 2439; x_wconf 80' lang='lat' dir='ltr'>Aquitanie,VicecomitiLedecestrie,salutem.</span> <span class='ocrx_word' id='word_1_149' title='bbox 1092 2353 1180 2421; x_wconf 79' lang='lat' dir='ltr'>Quia</span> <span class='ocrx_word' id='word_1_150' title='bbox 1190 2355 1328 2420; x_wconf 88' lang='lat' dir='ltr'>dilectus</span> <span class='ocrx_word' id='word_1_151' title='bbox 1343 2353 1438 2419; x_wconf 92' lang='lat' dir='ltr'>nobis</span> <span class='ocrx_word' id='word_1_152' title='bbox 1449 2355 1484 2418; x_wconf 91' lang='lat' dir='ltr'>in</span> 
     </span>
     <span class='ocr_line' id='line_1_18' title="bbox 283 2454 1484 2542; baseline 0 -21"><span class='ocrx_word' id='word_1_153' title='bbox 283 2457 415 2522; x_wconf 91' lang='lat' dir='ltr'>Christo</span> <span class='ocrx_word' id='word_1_154' title='bbox 429 2454 543 2520; x_wconf 86' lang='lat' dir='ltr'>Abbas</span> <span class='ocrx_word' id='word_1_155' title='bbox 566 2455 607 2520; x_wconf 89' lang='lat' dir='ltr'>de</span> <span class='ocrx_word' id='word_1_156' title='bbox 633 2456 744 2541; x_wconf 81' lang='lat' dir='ltr'>Burgo</span> <span class='ocrx_word' id='word_1_157' title='bbox 768 2457 873 2522; x_wconf 91' lang='lat' dir='ltr'>saneti</span> <span class='ocrx_word' id='word_1_158' title='bbox 898 2457 987 2522; x_wconf 90' lang='lat' dir='ltr'>Petri</span> <span class='ocrx_word' id='word_1_159' title='bbox 1009 2457 1109 2523; x_wconf 88' lang='lat' dir='ltr'>finem</span> <span class='ocrx_word' id='word_1_160' title='bbox 1125 2457 1203 2522; x_wconf 83' lang='lat' dir='ltr'>fecit</span> <span class='ocrx_word' id='word_1_161' title='bbox 1227 2456 1399 2522; x_wconf 89' lang='lat' dir='ltr'>nobiscum</span> <span class='ocrx_word' id='word_1_162' title='bbox 1424 2479 1484 2542; x_wconf 91' lang='lat' dir='ltr'>pro</span> 
     </span>
     <span class='ocr_line' id='line_1_19' title="bbox 282 2559 1484 2646; baseline -0.002 -21"><span class='ocrx_word' id='word_1_163' title='bbox 282 2561 418 2625; x_wconf 88' lang='lat' dir='ltr'>servicio</span> <span class='ocrx_word' id='word_1_164' title='bbox 438 2581 498 2624; x_wconf 85' lang='lat' dir='ltr'>suo</span> <span class='ocrx_word' id='word_1_165' title='bbox 521 2559 557 2622; x_wconf 91' lang='lat' dir='ltr'>in</span> <span class='ocrx_word' id='word_1_166' title='bbox 580 2559 724 2623; x_wconf 85' lang='lat' dir='ltr'>exercitu</span> <span class='ocrx_word' id='word_1_167' title='bbox 748 2569 861 2625; x_wconf 86' lang='lat' dir='ltr'>nostro</span> <span class='ocrx_word' id='word_1_168' title='bbox 877 2560 1005 2640; x_wconf 89' lang='lat' dir='ltr'>Wallie,</span> <span class='ocrx_word' id='word_1_169' title='bbox 1020 2581 1106 2625; x_wconf 91' lang='lat' dir='ltr'>anno</span> <span class='ocrx_word' id='word_1_170' title='bbox 1120 2561 1212 2646; x_wconf 78' lang='lat' dir='ltr'>regni</span> <span class='ocrx_word' id='word_1_171' title='bbox 1227 2560 1331 2625; x_wconf 79' lang='lat' dir='ltr'>nostri</span> <span class='ocrx_word' id='word_1_172' title='bbox 1351 2579 1410 2639; x_wconf 82' lang='lat' dir='ltr'>v⁰.,</span> <span class='ocrx_word' id='word_1_173' title='bbox 1424 2559 1484 2624; x_wconf 91' lang='lat' dir='ltr'>tibi</span> 
     </span>
     <span class='ocr_line' id='line_1_20' title="bbox 281 2660 1485 2748; baseline 0.002 -22"><span class='ocrx_word' id='word_1_174' title='bbox 281 2663 485 2748; x_wconf 86' lang='lat' dir='ltr'>precepimus</span> <span class='ocrx_word' id='word_1_175' title='bbox 501 2661 589 2747; x_wconf 89' lang='lat' dir='ltr'>quod</span> <span class='ocrx_word' id='word_1_176' title='bbox 604 2661 710 2726; x_wconf 89' lang='lat' dir='ltr'>eidem</span> <span class='ocrx_word' id='word_1_177' title='bbox 733 2660 844 2726; x_wconf 85' lang='lat' dir='ltr'>abbati</span> <span class='ocrx_word' id='word_1_178' title='bbox 868 2661 988 2728; x_wconf 89' lang='lat' dir='ltr'>habere</span> <span class='ocrx_word' id='word_1_179' title='bbox 1002 2662 1100 2728; x_wconf 85' lang='lat' dir='ltr'>facias</span> <span class='ocrx_word' id='word_1_180' title='bbox 1116 2663 1298 2748; x_wconf 86' lang='lat' dir='ltr'>scutagium</span> <span class='ocrx_word' id='word_1_181' title='bbox 1324 2683 1420 2727; x_wconf 90' lang='lat' dir='ltr'>suum</span> <span class='ocrx_word' id='word_1_182' title='bbox 1443 2663 1485 2728; x_wconf 91' lang='lat' dir='ltr'>de</span> 
     </span>
     <span class='ocr_line' id='line_1_21' title="bbox 283 2763 1485 2851; baseline 0.001 -23"><span class='ocrx_word' id='word_1_183' title='bbox 283 2765 387 2830; x_wconf 76' lang='lat' dir='ltr'>feodis</span> <span class='ocrx_word' id='word_1_184' title='bbox 398 2763 539 2828; x_wconf 90' lang='lat' dir='ltr'>militum</span> <span class='ocrx_word' id='word_1_185' title='bbox 551 2783 614 2849; x_wconf 91' lang='lat' dir='ltr'>quc</span> <span class='ocrx_word' id='word_1_186' title='bbox 630 2763 670 2828; x_wconf 90' lang='lat' dir='ltr'>de</span> <span class='ocrx_word' id='word_1_187' title='bbox 686 2785 725 2828; x_wconf 90' lang='lat' dir='ltr'>eo</span> <span class='ocrx_word' id='word_1_188' title='bbox 740 2774 896 2828; x_wconf 89' lang='lat' dir='ltr'>tenentur</span> <span class='ocrx_word' id='word_1_189' title='bbox 909 2765 942 2828; x_wconf 93' lang='lat' dir='ltr'>in</span> <span class='ocrx_word' id='word_1_190' title='bbox 958 2764 1077 2831; x_wconf 85' lang='lat' dir='ltr'>balliva</span> <span class='ocrx_word' id='word_1_191' title='bbox 1090 2775 1158 2845; x_wconf 93' lang='lat' dir='ltr'>tua,</span> <span class='ocrx_word' id='word_1_192' title='bbox 1170 2766 1332 2846; x_wconf 84' lang='lat' dir='ltr'>videlicet,</span> <span class='ocrx_word' id='word_1_193' title='bbox 1348 2765 1485 2851; x_wconf 86' lang='lat' dir='ltr'>quadra-</span> 
     </span>
     <span class='ocr_line' id='line_1_22' title="bbox 282 2867 1485 2954; baseline 0 -22"><span class='ocrx_word' id='word_1_194' title='bbox 282 2867 372 2952; x_wconf 82' lang='lat' dir='ltr'>ginta</span> <span class='ocrx_word' id='word_1_195' title='bbox 387 2868 508 2932; x_wconf 89' lang='lat' dir='ltr'>solidos</span> <span class='ocrx_word' id='word_1_196' title='bbox 524 2868 564 2931; x_wconf 91' lang='lat' dir='ltr'>de</span> <span class='ocrx_word' id='word_1_197' title='bbox 580 2877 685 2945; x_wconf 89' lang='lat' dir='ltr'>scuto,</span> <span class='ocrx_word' id='word_1_198' title='bbox 696 2887 756 2951; x_wconf 93' lang='lat' dir='ltr'>pro</span> <span class='ocrx_word' id='word_1_199' title='bbox 767 2869 912 2932; x_wconf 87' lang='lat' dir='ltr'>exercitu</span> <span class='ocrx_word' id='word_1_200' title='bbox 926 2879 1039 2934; x_wconf 91' lang='lat' dir='ltr'>nostro</span> <span class='ocrx_word' id='word_1_201' title='bbox 1048 2869 1204 2954; x_wconf 85' lang='lat' dir='ltr'>predicto.</span> <span class='ocrx_word' id='word_1_202' title='bbox 1249 2869 1296 2934; x_wconf 83' lang='lat' dir='ltr'>Et</span> <span class='ocrx_word' id='word_1_203' title='bbox 1303 2869 1367 2934; x_wconf 93' lang='lat' dir='ltr'>hoc</span> <span class='ocrx_word' id='word_1_204' title='bbox 1382 2869 1485 2933; x_wconf 90' lang='lat' dir='ltr'>nulla-</span> 
     </span>
     <span class='ocr_line' id='line_1_23' title="bbox 283 2971 1484 3057; baseline 0 -21"><span class='ocrx_word' id='word_1_205' title='bbox 283 2983 379 3037; x_wconf 90' lang='lat' dir='ltr'>tenus</span> <span class='ocrx_word' id='word_1_206' title='bbox 405 2971 575 3037; x_wconf 68' lang='lat' dir='ltr'>omittetis.</span> <span class='ocrx_word' id='word_1_207' title='bbox 618 2971 718 3036; x_wconf 83' lang='lat' dir='ltr'>&#39;I&#39;aste</span> <span class='ocrx_word' id='word_1_208' title='bbox 741 2971 866 3056; x_wconf 89' lang='lat' dir='ltr'>meipso</span> <span class='ocrx_word' id='word_1_209' title='bbox 892 2973 979 3057; x_wconf 85' lang='lat' dir='ltr'>apud</span> <span class='ocrx_word' id='word_1_210' title='bbox 995 2973 1327 3039; x_wconf 80' lang='lat' dir='ltr'>westmonasterium</span> <span class='ocrx_word' id='word_1_211' title='bbox 1342 2973 1407 3037; x_wconf 81' lang='lat' dir='ltr'>iii&#39;.</span> <span class='ocrx_word' id='word_1_212' title='bbox 1432 2972 1484 3036; x_wconf 93' lang='lat' dir='ltr'>die</span> 
     </span>
     <span class='ocr_line' id='line_1_24' title="bbox 285 3073 963 3157; baseline 0 -19"><span class='ocrx_word' id='word_1_213' title='bbox 285 3073 494 3151; x_wconf 79' lang='lat' dir='ltr'>Novembris,</span> <span class='ocrx_word' id='word_1_214' title='bbox 509 3095 597 3137; x_wconf 90' lang='lat' dir='ltr'>anno</span> <span class='ocrx_word' id='word_1_215' title='bbox 612 3073 702 3157; x_wconf 87' lang='lat' dir='ltr'>regni</span> <span class='ocrx_word' id='word_1_216' title='bbox 718 3074 823 3138; x_wconf 87' lang='lat' dir='ltr'>nostri</span> <span class='ocrx_word' id='word_1_217' title='bbox 839 3076 963 3139; x_wconf 85' lang='lat' dir='ltr'>sexto.”</span> 
     </span>
     <span class='ocr_line' id='line_1_25' title="bbox 147 3174 1485 3262; baseline -0.003 -18"><span class='ocrx_word' id='word_1_218' title='bbox 147 3205 157 3228; x_wconf 72' lang='grc' dir='ltr'><strong>ο</strong></span> <span class='ocrx_word' id='word_1_219' title='bbox 226 3199 272 3245; x_wconf 71' lang='lat' dir='ltr'>ixa</span> <span class='ocrx_word' id='word_1_220' title='bbox 330 3176 406 3240; x_wconf 90' lang='lat' dir='ltr'>Hoc</span> <span class='ocrx_word' id='word_1_221' title='bbox 431 3197 517 3239; x_wconf 90' lang='lat' dir='ltr'>auno</span> <span class='ocrx_word' id='word_1_222' title='bbox 542 3174 643 3240; x_wconf 85' lang='lat' dir='ltr'>Judei</span> <span class='ocrx_word' id='word_1_223' title='bbox 672 3175 812 3240; x_wconf 86' lang='lat' dir='ltr'>convicti</span> <span class='ocrx_word' id='word_1_224' title='bbox 836 3176 877 3240; x_wconf 93' lang='lat' dir='ltr'>de</span> <span class='ocrx_word' id='word_1_225' title='bbox 906 3185 1041 3240; x_wconf 87' lang='lat' dir='ltr'>tonsura</span> <span class='ocrx_word' id='word_1_226' title='bbox 1064 3187 1196 3242; x_wconf 90' lang='lat' dir='ltr'>monete</span> <span class='ocrx_word' id='word_1_227' title='bbox 1219 3177 1370 3262; x_wconf 87' lang='lat' dir='ltr'>suspensi</span> <span class='ocrx_word' id='word_1_228' title='bbox 1397 3186 1485 3256; x_wconf 89' lang='lat' dir='ltr'>sunt,</span> 
     </span>
     <span class='ocr_line' id='line_1_26' title="bbox 94 3277 1486 3366; baseline -0.002 -21"><span class='ocrx_word' id='word_1_229' title='bbox 94 3303 107 3334; x_wconf 67' lang='grc' dir='ltr'>ο</span> <span class='ocrx_word' id='word_1_230' title='bbox 133 3303 148 3334; x_wconf 74' lang='lat' dir='ltr'>u</span> <span class='ocrx_word' id='word_1_231' title='bbox 178 3289 196 3333; x_wconf 78' lang='lat' dir='ltr'>a</span> <span class='ocrx_word' id='word_1_232' title='bbox 285 3281 398 3366; x_wconf 86' lang='lat' dir='ltr'>paucis</span> <span class='ocrx_word' id='word_1_233' title='bbox 423 3287 556 3364; x_wconf 81' lang='lat' dir='ltr'>propter</span> <span class='ocrx_word' id='word_1_234' title='bbox 582 3291 708 3343; x_wconf 91' lang='lat' dir='ltr'>metum</span> <span class='ocrx_word' id='word_1_235' title='bbox 733 3279 775 3342; x_wconf 90' lang='lat' dir='ltr'>ad</span> <span class='ocrx_word' id='word_1_236' title='bbox 791 3277 891 3342; x_wconf 89' lang='lat' dir='ltr'>fidem</span> <span class='ocrx_word' id='word_1_237' title='bbox 916 3279 1093 3344; x_wconf 87' lang='lat' dir='ltr'>conversis.</span> <span class='ocrx_word' id='word_1_238' title='bbox 1138 3280 1184 3344; x_wconf 88' lang='lat' dir='ltr'>Et</span> <span class='ocrx_word' id='word_1_239' title='bbox 1198 3279 1293 3344; x_wconf 90' lang='lat' dir='ltr'>multi</span> <span class='ocrx_word' id='word_1_240' title='bbox 1308 3277 1486 3344; x_wconf 84' lang='lat' dir='ltr'>Christiani</span> 
     </span>
     <span class='ocr_line' id='line_1_27' title="bbox 284 3381 1458 3467; baseline -0.003 -18"><span class='ocrx_word' id='word_1_241' title='bbox 284 3382 426 3450; x_wconf 84' lang='lat' dir='ltr'>convicti</span> <span class='ocrx_word' id='word_1_242' title='bbox 440 3383 481 3447; x_wconf 91' lang='lat' dir='ltr'>de</span> <span class='ocrx_word' id='word_1_243' title='bbox 495 3381 658 3447; x_wconf 75' lang='lat' dir='ltr'>escambio</span> <span class='ocrx_word' id='word_1_244' title='bbox 668 3391 799 3446; x_wconf 87' lang='lat' dir='ltr'>monete</span> <span class='ocrx_word' id='word_1_245' title='bbox 814 3402 888 3446; x_wconf 90' lang='lat' dir='ltr'>cum</span> <span class='ocrx_word' id='word_1_246' title='bbox 903 3381 926 3446; x_wconf 90' lang='lat' dir='ltr'><strong>J</strong></span> <span class='ocrx_word' id='word_1_247' title='bbox 927 3381 1030 3462; x_wconf 86' lang='lat' dir='ltr'>udaia,</span> <span class='ocrx_word' id='word_1_248' title='bbox 1038 3383 1179 3467; x_wconf 78' lang='lat' dir='ltr'>graviter</span> <span class='ocrx_word' id='word_1_249' title='bbox 1193 3382 1355 3448; x_wconf 90' lang='lat' dir='ltr'>amerciati</span> <span class='ocrx_word' id='word_1_250' title='bbox 1370 3392 1458 3447; x_wconf 91' lang='lat' dir='ltr'>sunt.</span> 
     </span>
     <span class='ocr_line' id='line_1_28' title="bbox 329 3484 1485 3570; baseline 0 -18"><span class='ocrx_word' id='word_1_251' title='bbox 329 3487 415 3552; x_wconf 88' lang='lat' dir='ltr'>Item</span> <span class='ocrx_word' id='word_1_252' title='bbox 430 3487 494 3550; x_wconf 93' lang='lat' dir='ltr'>hoc</span> <span class='ocrx_word' id='word_1_253' title='bbox 516 3507 602 3550; x_wconf 89' lang='lat' dir='ltr'>anuo</span> <span class='ocrx_word' id='word_1_254' title='bbox 626 3484 709 3550; x_wconf 91' lang='lat' dir='ltr'>obiit</span> <span class='ocrx_word' id='word_1_255' title='bbox 732 3485 786 3570; x_wconf 89' lang='lat' dir='ltr'>pie</span> <span class='ocrx_word' id='word_1_256' title='bbox 812 3485 968 3551; x_wconf 89' lang='lat' dir='ltr'>memorie</span> <span class='ocrx_word' id='word_1_257' title='bbox 993 3486 1146 3552; x_wconf 88' lang='lat' dir='ltr'>dominus</span> <span class='ocrx_word' id='word_1_258' title='bbox 1172 3487 1337 3552; x_wconf 88' lang='lat' dir='ltr'>Waltems</span> <span class='ocrx_word' id='word_1_259' title='bbox 1358 3485 1485 3552; x_wconf 87' lang='lat' dir='ltr'>Giffard</span> 
     </span>
     <span class='ocr_line' id='line_1_29' title="bbox 283 3589 1484 3678; baseline 0 -22"><span class='ocrx_word' id='word_1_260' title='bbox 283 3591 546 3678; x_wconf 84' lang='lat' dir='ltr'>archiepiscopus</span> <span class='ocrx_word' id='word_1_261' title='bbox 569 3589 728 3670; x_wconf 86' lang='lat' dir='ltr'>Eburum,</span> <span class='ocrx_word' id='word_1_262' title='bbox 754 3590 807 3654; x_wconf 92' lang='lat' dir='ltr'>cui</span> <span class='ocrx_word' id='word_1_263' title='bbox 823 3590 981 3656; x_wconf 86' lang='lat' dir='ltr'>successit</span> <span class='ocrx_word' id='word_1_264' title='bbox 1004 3591 1157 3678; x_wconf 85' lang='lat' dir='ltr'>magister</span> <span class='ocrx_word' id='word_1_265' title='bbox 1171 3591 1356 3657; x_wconf 91' lang='lat' dir='ltr'>Willelmus</span> <span class='ocrx_word' id='word_1_266' title='bbox 1370 3591 1484 3657; x_wconf 89' lang='lat' dir='ltr'>Wike-</span> 
     </span>
     <span class='ocr_line' id='line_1_30' title="bbox 283 3691 897 3777; baseline 0 -19"><span class='ocrx_word' id='word_1_267' title='bbox 283 3695 384 3773; x_wconf 85' lang='lat' dir='ltr'>wake,</span> <span class='ocrx_word' id='word_1_268' title='bbox 399 3695 575 3759; x_wconf 87' lang='lat' dir='ltr'>canonicus</span> <span class='ocrx_word' id='word_1_269' title='bbox 590 3691 736 3777; x_wconf 87' lang='lat' dir='ltr'>ejusdem</span> <span class='ocrx_word' id='word_1_270' title='bbox 752 3693 897 3758; x_wconf 89' lang='lat' dir='ltr'>ecclesie.</span> 
     </span>
     <span class='ocr_line' id='line_1_31' title="bbox 327 3794 1484 3883; baseline 0.002 -21"><span class='ocrx_word' id='word_1_271' title='bbox 327 3797 412 3862; x_wconf 87' lang='lat' dir='ltr'>Item</span> <span class='ocrx_word' id='word_1_272' title='bbox 426 3799 490 3862; x_wconf 92' lang='lat' dir='ltr'>hoc</span> <span class='ocrx_word' id='word_1_273' title='bbox 503 3817 590 3861; x_wconf 88' lang='lat' dir='ltr'>anno</span> <span class='ocrx_word' id='word_1_274' title='bbox 604 3797 703 3860; x_wconf 83' lang='lat' dir='ltr'>frater</span> <span class='ocrx_word' id='word_1_275' title='bbox 718 3794 882 3861; x_wconf 87' lang='lat' dir='ltr'>Robertus</span> <span class='ocrx_word' id='word_1_276' title='bbox 905 3796 946 3862; x_wconf 90' lang='lat' dir='ltr'>de</span> <span class='ocrx_word' id='word_1_277' title='bbox 963 3797 1141 3883; x_wconf 82' lang='lat' dir='ltr'>Kylwarby</span> <span class='ocrx_word' id='word_1_278' title='bbox 1164 3797 1204 3863; x_wconf 92' lang='lat' dir='ltr'>de</span> <span class='ocrx_word' id='word_1_279' title='bbox 1220 3797 1334 3863; x_wconf 90' lang='lat' dir='ltr'>ordine</span> <span class='ocrx_word' id='word_1_280' title='bbox 1347 3799 1484 3864; x_wconf 80' lang='lat' dir='ltr'>fratrum</span> 
     </span>
    </p>
   </div>
   <div class='ocr_carea' id='block_1_3' title="bbox 283 3897 1484 4293">
    <p class='ocr_par' dir='ltr' id='par_1_3' title="bbox 283 3897 1484 4293">
     <span class='ocr_line' id='line_1_32' title="bbox 283 3897 1484 3985; baseline 0.002 -23"><span class='ocrx_word' id='word_1_281' title='bbox 283 3900 533 3985; x_wconf 88' lang='lat' dir='ltr'>predicatorum,</span> <span class='ocrx_word' id='word_1_282' title='bbox 556 3897 819 3984; x_wconf 85' lang='lat' dir='ltr'>archiepiscopus</span> <span class='ocrx_word' id='word_1_283' title='bbox 846 3899 1032 3979; x_wconf 73' lang='lat' dir='ltr'>cantuarie,</span> <span class='ocrx_word' id='word_1_284' title='bbox 1046 3900 1152 3964; x_wconf 78' lang='lat' dir='ltr'>tactus</span> <span class='ocrx_word' id='word_1_285' title='bbox 1178 3908 1230 3964; x_wconf 89' lang='lat' dir='ltr'>est</span> <span class='ocrx_word' id='word_1_286' title='bbox 1255 3900 1424 3965; x_wconf 89' lang='lat' dir='ltr'>cardinalis</span> <span class='ocrx_word' id='word_1_287' title='bbox 1449 3901 1484 3965; x_wconf 93' lang='lat' dir='ltr'>in</span> 
     </span>
     <span class='ocr_line' id='line_1_33' title="bbox 283 4001 1483 4090; baseline 0.003 -24"><span class='ocrx_word' id='word_1_288' title='bbox 283 4002 371 4066; x_wconf 90' lang='lat' dir='ltr'>curia</span> <span class='ocrx_word' id='word_1_289' title='bbox 382 4003 530 4066; x_wconf 81' lang='lat' dir='ltr'>Romana</span> <span class='ocrx_word' id='word_1_290' title='bbox 539 4023 599 4088; x_wconf 91' lang='lat' dir='ltr'>per</span> <span class='ocrx_word' id='word_1_291' title='bbox 613 4001 803 4067; x_wconf 88' lang='lat' dir='ltr'>mandatum</span> <span class='ocrx_word' id='word_1_292' title='bbox 818 4001 943 4066; x_wconf 90' lang='lat' dir='ltr'>domini</span> <span class='ocrx_word' id='word_1_293' title='bbox 953 4023 1037 4087; x_wconf 91' lang='lat' dir='ltr'>pape</span> <span class='ocrx_word' id='word_1_294' title='bbox 1046 4001 1217 4084; x_wconf 82' lang='lat' dir='ltr'>Nicholai3</span> <span class='ocrx_word' id='word_1_295' title='bbox 1240 4011 1274 4068; x_wconf 91' lang='lat' dir='ltr'>et</span> <span class='ocrx_word' id='word_1_296' title='bbox 1287 4025 1346 4090; x_wconf 91' lang='lat' dir='ltr'>per</span> <span class='ocrx_word' id='word_1_297' title='bbox 1360 4004 1483 4069; x_wconf 91' lang='lat' dir='ltr'>donum</span> 
     </span>
     <span class='ocr_line' id='line_1_34' title="bbox 283 4103 1483 4190; baseline 0.002 -20"><span class='ocrx_word' id='word_1_298' title='bbox 283 4105 430 4190; x_wconf 87' lang='lat' dir='ltr'>ejusdem</span> <span class='ocrx_word' id='word_1_299' title='bbox 461 4125 542 4189; x_wconf 91' lang='lat' dir='ltr'>pape</span> <span class='ocrx_word' id='word_1_300' title='bbox 571 4105 669 4169; x_wconf 85' lang='lat' dir='ltr'>frater</span> <span class='ocrx_word' id='word_1_301' title='bbox 697 4103 867 4170; x_wconf 86' lang='lat' dir='ltr'>Johannes</span> <span class='ocrx_word' id='word_1_302' title='bbox 897 4104 937 4168; x_wconf 94' lang='lat' dir='ltr'>de</span> <span class='ocrx_word' id='word_1_303' title='bbox 968 4104 1107 4169; x_wconf 89' lang='lat' dir='ltr'>Pecham</span> <span class='ocrx_word' id='word_1_304' title='bbox 1137 4105 1178 4170; x_wconf 92' lang='lat' dir='ltr'>de</span> <span class='ocrx_word' id='word_1_305' title='bbox 1207 4107 1320 4172; x_wconf 90' lang='lat' dir='ltr'>ordine</span> <span class='ocrx_word' id='word_1_306' title='bbox 1349 4107 1483 4172; x_wconf 80' lang='lat' dir='ltr'>fratrum</span> 
     </span>
     <span class='ocr_line' id='line_1_35' title="bbox 284 4207 1308 4293; baseline -0.004 -21"><span class='ocrx_word' id='word_1_307' title='bbox 284 4207 446 4272; x_wconf 90' lang='lat' dir='ltr'>minorum</span> <span class='ocrx_word' id='word_1_308' title='bbox 461 4207 773 4292; x_wconf 88' lang='lat' dir='ltr'>archiepiscopatum</span> <span class='ocrx_word' id='word_1_309' title='bbox 790 4208 952 4293; x_wconf 87' lang='lat' dir='ltr'>prefatum</span> <span class='ocrx_word' id='word_1_310' title='bbox 967 4216 1019 4273; x_wconf 88' lang='lat' dir='ltr'>est</span> <span class='ocrx_word' id='word_1_311' title='bbox 1032 4207 1181 4293; x_wconf 85' lang='lat' dir='ltr'>adeptus.</span> <span class='ocrx_word' id='word_1_312' title='bbox 1304 4262 1308 4268; x_wconf 84' lang='lat'>.</span> 
     </span>
    </p>
   </div>
   <div class='ocr_carea' id='block_1_4' title="bbox 0 0 1910 5030">
    <p class='ocr_par' dir='ltr' id='par_1_4' title="bbox 0 0 1910 5030">
     <span class='ocr_line' id='line_1_36' title="bbox 0 0 1910 5030; baseline 0 0"><span class='ocrx_word' id='word_1_313' title='bbox 0 0 1910 5030; x_wconf 95' lang='lat' dir='ltr'> </span> 
     </span>
    </p>
   </div>
  </div>
 </body>
</html>
