3938 5022
667 623 880 669 canonicos
899 621 1227 668 nannonunosnss.
1502 605 1562 663 119

359 796 419 860 pro
435 777 535 860 Rege.
579 775 625 840 Et
641 774 811 841 Gilbertus
826 776 867 841 de
881 774 1069 840 Torentona
1083 773 1146 837 fuit
1168 772 1351 857 assignatus
1366 793 1424 857 per
1440 772 1562 857 Regem

359 879 401 942 ad
417 879 599 964 placitando
613 879 723 944 brevia
738 901 800 965 que
814 887 971 944 vocantur
985 899 1050 964 quo
1065 885 1219 942 warento.

403 983 450 1047 Et
472 983 634 1048 Henricus
657 983 697 1047 de
717 983 885 1068 Tingdene
911 982 1044 1046 clericus
1059 981 1122 1045 fuit
1143 980 1325 1066 assignatus
1340 1001 1399 1065 per
1413 977 1563 1045 abbatem

361 1084 401 1149 de
417 1085 526 1170 Burgo
552 1085 592 1150 ad
607 1085 790 1170 recipienda
810 1096 843 1150 et
861 1085 1012 1148 intranda
1026 1085 1140 1149 catella
1154 1085 1364 1170 fugitivorum
1379 1093 1412 1148 et
1427 1105 1565 1168 suspen·

362 1209 472 1252 sorum
487 1188 527 1252 de
542 1188 691 1254 libertate
706 1187 844 1268 abbatis,
859 1199 893 1253 et
908 1187 1041 1253 sedebat
1056 1209 1131 1252 cum
1146 1187 1269 1253 clericis
1285 1185 1326 1250 ad
1347 1207 1509 1251 coronam.

406 1290 491 1355 Item
518 1291 680 1360 Henricus
704 1292 744 1356 de
769 1291 956 1356 Audevvicle
978 1290 1112 1355 clericus
1134 1289 1197 1353 fuit
1225 1289 1408 1373 assignatus
1430 1311 1488 1374 per
1509 1287 1565 1353 ab·

361 1391 470 1456 batem
486 1394 666 1477 predictum
683 1393 723 1457 ad
738 1393 921 1478 recipienda
935 1403 1087 1477 precepta
1109 1390 1377 1475 justiciariomm,'
1385 1401 1419 1456 et
1433 1392 1567 1457 sedebat

359 1496 454 1581 juxta
468 1497 619 1562 clericum
634 1497 832 1561 vicecomitis
847 1517 956 1561 coram
967 1493 1154 1580 justiciariis
1169 1493 1209 1559 de
1226 1495 1338 1559 Banco
1352 1493 1485 1560 ibidem.

409 1601 493 1664 Item
509 1600 700 1685 Ranulphus
715 1600 756 1665 de
771 1599 974 1665 Wodestona
994 1607 1074 1663 tunc
1097 1607 1166 1663 erat
1187 1598 1332 1684 capitalis
1358 1597 1495 1663 ballivus
1510 1599 1567 1664 ab·

364 1700 459 1765 batis.

408 1803 659 1868 Memorandum
682 1803 769 1888 quod
794 1803 828 1866 in
854 1803 918 1867 isto
943 1803 1057 1867 itinere
1083 1803 1235 1866 dominus
1250 1802 1407 1867 Ricardus
1423 1803 1463 1868 de
1479 1805 1568 1870 Lon·
1650 1861 1655 1874 .

365 1907 471 1971 doniis
486 1905 586 1971 abbas
609 1907 649 1971 dc
673 1907 782 1991 Burgo
805 1907 908 1971 sancti
931 1907 1018 1970 Petri
1040 1906 1135 1991 petiit
1158 1906 1336 1992 perfornire
1352 1907 1511 1993 judicium
1527 1910 1568 1974 de

366 2007 548 2093 dampnatis
563 2007 646 2072 infra
659 2008 841 2073 libertatem
857 2029 959 2086 suam,
977 2007 1072 2092 juxta
1090 2016 1236 2072 tenorem
1251 2018 1411 2073 cartarum
1426 2032 1568 2091 suarum,

366 2110 482 2196 quibus
504 2111 659 2196 inspectis
683 2121 717 2176 et
739 2111 881 2196 plenarie
904 2110 1116 2195 transcriptis,
1131 2133 1168 2176 ac
1194 2111 1381 2196 justiciariis
1403 2112 1568 2194 liberatis3

364 2215 560 2299 peticionem
575 2237 666 2279 suam
682 2214 833 2300 optinuit.

410 2317 503 2382 Idem
519 2316 618 2381 abbas
633 2317 727 2403 petiit
742 2317 855 2381 catalla
869 2315 1077 2401 lugitivorum
1093 2324 1127 2380 et
1149 2337 1394 2399 suspensorum,
1409 2325 1444 2380 et
1458 2317 1569 2380 miser-

366 2420 536 2484 cordiasde
545 2419 676 2482 murdro
686 2419 768 2482 inira
775 2417 957 2482 libertatem
967 2438 1137 2502 suamque
1146 2417 1264 2482 habere
1273 2417 1371 2483 debet
1374 2420 1469 2504 juxta
1477 2429 1568 2483 teno-

367 2544 436 2588 rem
451 2532 611 2587 cartarum
623 2543 765 2602 suarum,
780 2529 814 2586 et
828 2521 980 2606 optinuit,
995 2541 1134 2607 quorum
1151 2521 1284 2586 nomina
1298 2520 1525 2589 subnotantur.

146 2703 330 2770 (formem)
670 2701 935 2776 [annonantur
953 2715 1000 2758 os
1018 2713 1246 2760 noxssnocn.

371 2832 657 2898 Benileud.—De
682 2831 793 2896 villata
815 2832 855 2898 de
882 2832 1061 2898 Benileude
1083 2833 1124 2898 de
1146 2833 1268 2898 catallis

500 2935 641 3000 Gilberti
657 2935 813 3021 Greyling
826 2935 961 2999 latronis
977 2935 1127 3019 suspensi
1258 2977 1267 2996 .

456 3039 509 3101 Dc
524 3035 637 3100 eadem
659 3035 768 3100 villata
793 3035 834 3100 de
855 3057 942 3100 anno
957 3045 991 3099 et
1004 3043 1098 3108 vasto
1112 3044 1269 3099 terrarum

499 3138 645 3224 ejusdem
699 3177 1268 3204 .....
1525 3133 1575 3196 vid

457 3242 510 3306 De
539 3241 652 3306 eadem
681 3241 791 3306 villata
816 3241 857 3304 de
884 3238 1006 3304 catallis
1032 3237 1189 3302 Willelrni
1212 3236 1271 3300 filii

373 3448 545 3534 Cloptona.
558 3448 664 3512 —De
687 3447 798 3512 villata
823 3447 863 3512 de
890 3445 1053 3530 Cloptona
1079 3445 1119 3509 de
1149 3441 1271 3508 catallis

503 3549 632 3614 Ricardi
648 3549 730 3614 Bate
744 3548 861 3614 felonis
875 3546 1001 3632 fugitivi
1122 3593 1132 3611 .
1264 3591 1273 3610 .
1411 3545 1459 3609 iii·

153 3695 307 3758 md„
373 3650 728 3736 Wermingtona.-Dc
752 3649 862 3717 villata
891 3649 932 3713 de
956 3647 1205 3733 Wermingtona
1232 3646 1274 3712 de

154 3761 257 3822 1³5⁰vae
267 3773 361 3820 ‘³9⁰³-
504 3753 626 3818 catallis
641 3752 798 3818 Willelmi
813 3751 946 3838 Dereby
960 3751 1075 3816 felonis
1089 3749 1270 3835 fugitivi.
1367 3749 1470 3814 xxiiii⁵

153 3827 229 3874 “bii
462 3854 514 3920 De
528 3855 641 3919 eadem
656 3855 765 3919 villata
788 3854 829 3918 de
848 3875 934 3918 anno
957 3863 990 3918 et
1008 3864 1100 3917 vasto
1115 3861 1273 3917 terrarum

505 3955 651 4039 ejusdem
704 3999 713 4018 .
846 4000 855 4020 .
986 3999 995 4016 .
1126 3999 1136 4018 .
1188 3985 1193 3991 ·
1268 3998 1277 4016 .
1417 3952 1462 4015 vi⁸
1505 3951 1578 4017 viii<1

463 4057 516 4121 De
527 4057 640 4121 eadem
654 4059 763 4124 villata
778 4059 819 4123 de
834 4057 940 4122 medio
956 4067 1102 4142 tempore
1117 4067 1275 4122 terrarum

506 4160 652 4245 ejusdem
702 4203 1274 4226 .....
1384 4168 1462 4221 xxx·
