3894 5024
645 649 859 702 onnonrcou
885 655 1213 704 aaruoauuoanse.
1466 642 1527 702 143

328 805 461 870 domino
477 805 643 871 Willelmo
659 807 699 873 de
717 809 843 874 Hotota
869 810 909 875 de
936 809 1099 895 Cloptona
1122 807 1309 894 homagium
1331 816 1466 893 propter
1479 820 1527 874 te·

328 917 518 973 nomentum
544 911 630 995 quod
646 912 686 976 de
708 911 780 996 ipso
803 912 910 977 tenuit
930 913 965 976 in
987 913 1063 978 villa
1086 914 1127 978 de
1151 912 1325 998 cloptona,
1340 911 1427 976 idem
1442 911 1527 976 Wil-

327 1011 444 1076 lelmus
459 1013 620 1078 recusarit
633 1014 695 1079 hoc
710 1015 814 1080 facere
836 1015 964 1081 racione
987 1016 1156 1102 cujusdam
1171 1014 1270 1081 medii
1286 1013 1348 1095 sui,
1363 1014 1419 1099 qui
1433 1036 1528 1080 voca·

326 1113 423 1179 batur
438 1115 589 1181 dominus
613 1117 721 1183 David
735 1118 776 1183 de
792 1119 988 1186 Fleterwiht.
1032 1120 1177 1185 Tandem
1200 1128 1278 1205 post
1292 1119 1411 1183 multas
1433 1119 1529 1182 alter·

327 1217 469 1283 cationes
495 1219 581 1284 idem
605 1221 724 1301 David,
739 1222 944 1306 presentibus
967 1223 1113 1307 predicto
1129 1221 1297 1286 Willelmo
1322 1222 1363 1287 de
1391 1222 1528 1300 Hotota,

327 1320 467 1386 Ricardo
485 1323 525 1387 de
550 1325 687 1402 Hotota,
714 1324 847 1389 domino
873 1325 1025 1389 Johanne
1052 1324 1223 1390 Bonebota
1248 1317 1372 1389 rectore
1394 1325 1528 1392 ecclesie

326 1423 367 1488 de
383 1423 590 1504 Bernewclla,
606 1427 751 1491 Waltero
768 1426 970 1512 Grymbaud,
984 1427 1035 1492 die
1049 1426 1073 1491 J
1074 1427 1143 1491 ovis
1153 1426 1301 1512 proximo
1316 1435 1393 1511 post
1408 1428 1527 1490 festum

328 1524 447 1590 Sancte
478 1527 584 1590 Marie
612 1528 791 1614 Egiptiaoe,
817 1529 982 1613 predictus
1006 1530 1116 1594 David
1150 1529 1301 1608 reddidit,
1331 1528 1457 1592 remisit
1494 1537 1527 1591 et

327 1627 473 1711 quietum
500 1629 649 1694 clamavit
664 1631 797 1696 domino
820 1630 930 1696 abbati
952 1641 986 1696 et
1012 1631 1188 1697 conventui
1202 1630 1390 1716 homagium
1405 1639 1440 1694 et
1462 1650 1528 1693 ser·

325 1728 445 1794 vicium
461 1731 577 1815 prelati
592 1733 759 1816 Willelmi,
774 1733 948 1820 obligando
964 1757 998 1799 se
1013 1757 1071 1820 per
1086 1735 1227 1799 litteram
1244 1756 1336 1798 suam
1352 1734 1391 1797 ad
1408 1731 1527 1797 facien-

326 1833 405 1897 dum
419 1845 598 1899 warantum
614 1837 738 1926 prelato
754 1837 919 1902 Willelmo
935 1846 969 1902 et
982 1836 1156 1902 heredibus
1180 1837 1248 1900 suis
1265 1836 1291 1900 si
1313 1836 1353 1900 de
1376 1835 1464 1900 dioto
1478 1842 1526 1899 te·

325 1945 480 2002 nemeato
492 1937 601 2022 ipsu'm
611 1938 803 2022 implacitari
814 1941 1026 2025 contingeret.
1072 1941 1117 2004 Bt
1133 1940 1243 2004 statim
1259 1939 1364 2004 dictus
1375 1938 1527 2004 dominus

326 2037 511 2103 Willelmus
527 2040 603 2104 lecit
617 2041 803 2126 homagium
819 2042 853 2106 in
868 2044 1037 2128 presencia
1046 2043 1191 2108 omnium
1208 2042 1479 2128 supradictorum,
1494 2050 1527 2106 et

330 2138 493 2205 Abbatem
516 2142 628 2226 posuit
649 2143 682 2206 in
708 2143 835 2230 aeysina
850 2145 891 2210 de
906 2167 1015 2210 annuo
1029 2145 1160 2209 redditu
1210 2189 1218 2209 .
1278 2191 1286 2208 .
1347 2191 1356 2210 .
1401 2143 1524 2223 solidis,

326 2264 409 2328 quos
424 2245 549 2310 solvere
564 2247 734 2312 consuevit
748 2248 880 2313 domino
896 2248 1003 2314 David
1019 2248 1215 2334 supradicto.

371 2347 418 2411 Et
443 2347 610 2414 sciendum
637 2351 724 2435 quod
751 2350 859 2435 quieta
884 2351 1069 2431 clemencia,
1092 2373 1188 2436 quam
1211 2351 1298 2416 idem
1321 2349 1428 2414 David
1451 2350 1526 2414 fecit

326 2449 435 2516 abbati
450 2461 484 2517 et
498 2454 684 2540 conventui,
699 2462 733 2519 et
756 2453 862 2518 littera
891 2455 1035 2532 umenti,
1061 2476 1158 2540 quam
1179 2453 1267 2518 idem
1289 2452 1366 2518 fecit
1389 2451 1523 2517 domino'

325 2551 491 2618 Willelmo
507 2555 547 2619 de
564 2555 699 2634 Hotota,
714 2564 883 2620 remanent
897 2554 930 2618 in
947 2554 1156 2620 thesaurario.

129 2672 143 2705 ⁰
200 2658 260 2704 '1¹¹³-
369 2655 718 2744 Memorandumquod
730 2658 915 2724 Willelmus
930 2659 971 2723 de
986 2659 1063 2723 Alta
1074 2659 1159 2744 Ripa
1174 2657 1251 2723 fecit
1267 2657 1399 2722 domino
1415 2655 1525 2721 abbaci

326 2759 465 2826 Ricardo
481 2763 521 2827 de
538 2763 718 2828 Londoniis
739 2763 825 2848 apud
842 2763 974 2828 Scotere
989 2762 1179 2828 fidelitatem
1210 2771 1244 2827 et
1264 2760 1451 2846 homagium
1466 2781 1526 2848 pro

259 2911 265 2923 .
326 2864 606 2948 quatuorbovatis
621 2875 716 2944 terre,
732 2888 811 2951 quas
826 2875 919 2931 tenet
933 2865 973 2930 de
988 2866 1061 2951 ipso
1075 2867 1109 2929 in
1132 2864 1394 2950 Hybaldestowe.
1422 2865 1527 2945 ⁰(Me·

326 2967 508 3030 morandum
519 2969 604 3049 quod
612 2970 701 3032 istud
713 2971 889 3049 homagium
903 2989 965 3032 non
973 2972 1114 3052 pertinet
1125 2968 1306 3048 adseodum
1320 2967 1358 3029 de
1367 2965 1523 3046 Fowelle.)

129 3092 167 3124 om
200 3079 257 3125 'um
372 3069 623 3134 Memorandum
649 3070 736 3156 quod
758 3071 943 3136 Willelmus
967 3071 1007 3134 de
1028 3071 1060 3133 la
1083 3070 1257 3148 Plaunohe,
1274 3069 1325 3133 die
1341 3067 1452 3132 Sancti
1467 3067 1526 3132 Jo-

327 3170 444 3234 hannis
460 3170 667 3256 Evangeliste
690 3171 772 3235 infra
791 3171 1004 3236 ebdomadam
1020 3169 1147 3234 Natalis
1163 3169 1308 3247 Domini,
1323 3167 1400 3233 fecit
1412 3167 1526 3232 homa·

325 3273 415 3360 giurn
442 3273 574 3338 domino
593 3274 732 3339 Ricardo
748 3274 788 3338 de
803 3273 984 3339 Londoniie
1007 3271 1117 3338 abbati
1138 3271 1239 3356 Burgi
1254 3291 1313 3356 pro
1338 3277 1525 3334 tenemento

325 3375 413 3461 quod
425 3385 515 3441 tenet
526 3375 566 3442 de
578 3377 720 3442 manerio
731 3377 771 3442 de
783 3377 957 3462 Sutthorp3
972 3376 1006 3440 in
1018 3376 1163 3461 Uptona,
1174 3372 1380 3459 presentibus
1392 3370 1525 3436 domino

324 3479 490 3544 Willelmo
506 3479 547 3545 de
562 3479 761 3544 Wodeforde
775 3490 855 3545 tuno
870 3479 1004 3544 sacrista
1019 3478 1131 3563 Burgi,
1148 3477 1300 3562 magistro
1317 3474 1462 3540 Boberto
1483 3473 1523 3540 de

326 3581 464 3648 Sceffled
490 3591 569 3647 tunc
590 3582 766 3648 senescallo
793 3582 904 3667 Burgi,
929 3593 963 3647 et
987 3581 1121 3646 domino
1146 3580 1298 3646 Johanne
1324 3579 1365 3643 de
1388 3575 1525 3662 Afforby

327 3694 450 3749 rectore
470 3684 603 3750 ecclesie
619 3683 660 3749 de
676 3685 801 3750 Castra.
849 3686 910 3768 (De
923 3685 1019 3767 seoda
1035 3686 1203 3750 Prilmero
1217 3685 1251 3747 in
1272 3681 1408 3764 Uptono,
1432 3699 1526 3762 quere

172 3771 212 3802 Μ’
326 3789 359 3870 in
377 3791 445 3870 fine
459 3789 534 3852 libri
548 3790 582 3853 in
596 3789 853 3871 inquisicioaibus
872 3789 909 3852 de
922 3789 1033 3871 feodis
1047 3789 1181 3852 militum
1208 3787 1247 3851 de
1268 3785 1398 3849 Honore
1412 3785 1525 3864 Bar-pi,

327 3907 408 3952 anno
422 3892 512 3968 repat
527 3891 622 3970 Repia
638 3889 782 3968 Henrici,
789 3891 856 3974 filii
870 3891 967 3971 Regia
979 3891 1145 3967 Johanne,
1159 3887 1271 3969 cauit.)

128 4029 143 4062 0
200 4015 258 4064 ·m,
372 3987 623 4074 Memorandum
653 3991 741 4076 quod
765 3991 943 4055 Nicholaus
970 3991 1010 4055 de
1037 3991 1224 4076 Adingtona
1245 3987 1429 4073 capellanus
1448 3983 1526 4050 fecit

326 4091 510 4177 homagium
539 4101 573 4156 et
597 4093 785 4159 fidelitatem
813 4093 945 4158 domino
973 4094 1110 4158 Ricardo
1134 4093 1175 4158 de
1202 4090 1383 4156 Londoniis
1416 4084 1524 4152 abbati

326 4195 437 4283 Burgi,
449 4193 501 4258 die
513 4193 623 4259 Sancti
634 4195 759 4260 Thome
771 4194 910 4259 martiris
922 4194 1004 4259 infra
1015 4193 1228 4259 ebdomadam
1240 4190 1367 4256 Natalis
1380 4185 1525 4264 Domini,
