3894 5024
396 610 457 671 134
542 668 549 683 ,
713 624 927 670 canonrcon
945 623 1269 670 narnoanaonnss.

394 777 481 841 bona
495 785 607 841 nostra
622 785 655 840 et
670 775 859 840 monasterii
873 775 987 854 nostri,
1013 797 1050 840 ac
1065 795 1267 840 successores
1283 781 1425 854 nostros,
1446 775 1594 842 Romane

395 877 528 944 ecclesie
557 887 591 942 et
620 888 704 941 terre
734 888 855 940 sancte.
900 877 945 940 Et
968 886 1007 940 ut
1032 877 1066 940 in
1092 875 1260 960 premissis
1284 875 1411 960 plenior
1436 877 1592 942 securitas

394 979 551 1043 habeatur
559 1003 569 1058 3
594 988 712 1064 sponte
726 977 947 1063 promittimus
963 987 997 1042 et
1009 999 1167 1043 vovemus
1182 977 1258 1040 dare
1273 998 1332 1061 pro
1348 976 1494 1041 subsidio
1508 987 1593 1042 terre

394 1090 504 1145 sancte
534 1080 766 1165 quinquaginta
793 1081 891 1144 libras
917 1101 977 1165 pro
1004 1079 1138 1164 singulis
1168 1079 1347 1158 mensibus,
1373 1078 1491 1164 quibus
1514 1090 1592 1164 post

393 1182 640 1269 requisicionem
660 1183 839 1267 predictam
863 1183 1072 1247 defecerimus
1098 1183 1134 1246 in
1158 1181 1337 1266 premissis.
1383 1182 1423 1246 In
1453 1203 1592 1266 quorum

393 1287 539 1351 omnium
555 1286 780 1352 testimonium
801 1288 860 1350 has
884 1287 1008 1350 litteras
1032 1293 1161 1349 nostras
1186 1284 1258 1348 fieri
1281 1284 1417 1350 fecimus
1431 1295 1591 1370 patentes,

393 1397 456 1452 etc.
500 1388 624 1452 Datum
640 1397 674 1452 et
688 1396 797 1452 actum
811 1387 845 1451 in
861 1387 1003 1473 capitulo
1018 1396 1143 1465 nostro,
1170 1387 1222 1451 die
1246 1387 1365 1451 Martis
1389 1387 1424 1452 in
1450 1387 1591 1452 crastino

392 1490 667 1556 Annunciacionis
684 1490 856 1570 dominice,
870 1513 956 1556 anno
971 1490 1108 1554 Domini
1123 1490 1253 1555 M⁰.cc⁰.
1267 1491 1466 1576 octogesimo
1486 1499 1590 1556 sexto.

435 1593 600 1658 Dominus
616 1593 714 1658 etiam
729 1594 812 1672 Rex,
834 1615 873 1658 eo
900 1593 987 1677 quod
1001 1593 1111 1678 ipsum
1137 1592 1309 1678 oportebat
1335 1594 1377 1656 ad
1401 1594 1590 1658 mandatum

393 1697 490 1782 Regis
515 1697 649 1762 Francie
679 1697 898 1776 transfretare,
920 1697 1109 1781 peccuniam
1139 1697 1357 1781 supradictam
1392 1721 1411 1762 a
1434 1698 1590 1782 magistro

394 1801 529 1864 Gifredo
544 1810 715 1884 prenotato
740 1799 873 1884 recepit,
888 1809 922 1863 et
936 1820 994 1884 per
1008 1799 1148 1863 litteram
1170 1821 1262 1864 suam
1278 1799 1500 1884 obligatoriam
1515 1823 1591 1886 pro·

392 1901 481 1964 misit
494 1900 582 1962 illam
597 1900 736 1964 fideliter
749 1901 943 1984 persolvere,
959 1908 993 1964 et
1003 1901 1171 1964 ecclesiam
1186 1900 1365 1984 predictam
1379 1901 1590 1987 indempnem

391 2003 425 2066 in
448 2001 600 2067 omnibus
626 2023 826 2067 conservare.
869 2003 978 2066 Tenor
1000 2003 1107 2067 littere
1131 2002 1320 2088 obligatorie
1344 2003 1468 2069 domini
1492 2005 1590 2090 Regis

392 2104 465 2168 talis
480 2111 531 2168 est
544 2127 597 2167 :-

434 2205 614 2270 Edwardus
637 2205 702 2270 Dei
730 2206 832 2290 gretia
861 2207 932 2269 Rex
961 2205 1089 2291 Anglic,
1119 2205 1270 2270 dominus
1297 2206 1440 2272 Ybernie
1466 2217 1500 2272 ct
1522 2208 1590 2273 dux

390 2307 599 2394 Aquitannie,
611 2308 775 2374 Omnibus
787 2308 828 2372 ad
840 2330 921 2393 quos
932 2329 1066 2392 presens
1079 2308 1236 2393 scriptum
1249 2310 1432 2393 pervenerit
1440 2311 1588 2378 salutem.

390 2411 541 2476 Vidimus
557 2411 743 2496 depositum
759 2411 1007 2496 quingentarum
1029 2410 1182 2475 librarum
1209 2413 1243 2474 in
1267 2411 1400 2476 abbacia
1423 2413 1463 2476 de
1480 2414 1589 2500 Burgo

396 2515 499 2579 suncti
515 2515 603 2579 Petri
617 2516 830 2580 existencium
846 2516 886 2579 dc
901 2514 1058 2599 peccunia
1073 2515 1197 2578 decime
1219 2517 1337 2580 aclero
1361 2516 1465 2601 Regni
1486 2517 1590 2582 nostri

391 2617 507 2701 Anglie
521 2617 556 2680 in
572 2617 754 2681 subsidium
770 2628 854 2681 terre
870 2627 980 2681 sancte
994 2639 1099 2700 nuper
1116 2638 1281 2685 concesse.
1325 2618 1476 2684 Vidimus
1491 2619 1589 2686 etiam

390 2718 514 2781 litteras
530 2716 656 2781 abbatis
680 2733 714 2780 et
737 2727 918 2780 conventus
944 2717 1091 2800 ejusdem
1114 2717 1177 2781 loci
1203 2717 1408 2802 obligatorias
1435 2722 1589 2806 magistro

392 2819 538 2883 Giffredo
554 2819 594 2884 de
602 2819 745 2896 Vesano,
761 2839 886 2883 camere
908 2818 1032 2882 domini
1049 2820 1135 2904 Pape
1162 2819 1289 2900 clerico,
1310 2824 1486 2906 apostolice
1502 2826 1587 2892 sedis

389 2921 520 3000 nuncio,
536 2930 570 2986 et
584 2921 748 2986 executori
762 2921 970 3006 negociorum
985 2931 1069 2987 terre
1085 2932 1196 2987 sancte
1211 2945 1309 3008 super
1324 2925 1448 2990 decima
1462 2937 1496 2992 et
1517 2929 1587 2993 aliis

389 3024 509 3090 edicta
524 3025 601 3094 sede
625 3025 660 3088 in
676 3024 828 3110 Angliam
852 3025 1019 3110 deputato,
1040 3047 1137 3111 super
1151 3027 1298 3111 ejusdem
1313 3028 1453 3114 depositi
1477 3052 1588 3118 recep·

390 3128 481 3194 cione
497 3130 660 3194 confectas
675 3129 709 3192 in
731 3128 791 3194 hec
806 3127 924 3194 verba:
947 3129 1109 3196 Noverint
1123 3129 1267 3194 mriversi
1283 3140 1316 3195 et
1342 3143 1447 3198 cetera
1468 3135 1588 3214 omnia,

390 3229 474 3294 sicut
496 3253 594 3318 supra
608 3239 773 3296 notantur.
817 3229 864 3293 Et
877 3229 953 3315 quia
967 3251 1027 3315 pro
1042 3229 1237 3315 quibusdam
1261 3232 1368 3296 arduis
1394 3244 1428 3297 et
1443 3237 1588 3318 speciali-

389 3331 451 3397 bus
466 3334 609 3417 negociis
624 3356 685 3397 nos
700 3341 735 3400 et
757 3355 893 3418 regnum
919 3342 1068 3396 nostrum
1092 3333 1209 3416 Anglie
1235 3335 1508 3419 contingentibus,
1525 3361 1588 3423 que

170 3436 430 3526 U,1‚„,·,·,·,·‚,o‚)de
458 3457 544 3499 novo
574 3445 785 3514 emerserunt,
807 3435 963 3520 peccunia
988 3433 1261 3518 quamplurimum
1282 3435 1475 3519 indigemus,
1498 3443 1586 3520 lpro

389 3535 510 3600 eisdem
526 3537 668 3620 negociis
683 3537 804 3600 nostris
820 3535 945 3600 felicius
972 3535 1194 3619 expediendis,
1221 3559 1241 3600 a
1263 3537 1395 3620 prelatis
1422 3535 1537 3601 abbate
1553 3549 1588 3604 et

388 3645 552 3704 conventu
568 3647 682 3700 mutuo
709 3637 902 3720 quingentas
926 3636 1024 3700 libras
1050 3637 1232 3722 recepimus
1258 3638 1447 3701 antedictas.
1493 3637 1588 3702 Obli-

387 3748 500 3823 gantes
511 3760 581 3814 nos,
593 3739 729 3803 heredes
738 3749 771 3802 et
783 3759 985 3802 successores
996 3749 1127 3803 nostros
1141 3739 1236 3804 dictis
1248 3739 1357 3803 abbati
1369 3750 1402 3804 et
1411 3741 1588 3806 conventui

388 3864 425 3906 ac
455 3839 696 3906 successoribus
726 3841 804 3920 suis,
835 3840 897 3905 snb
927 3841 1123 3904 omnimodis
1153 3841 1400 3906 condicionibus
1429 3853 1463 3908 et
1492 3846 1585 3930 penis

388 3944 422 4007 in
435 3942 540 4006 forma
552 3940 762 4026 obligacionis
775 3962 832 4004 sue
844 3941 992 4026 superius
1004 3951 1158 4005 annotata
1170 3941 1342 4022 contentis,
1354 3944 1393 4008 ad
1409 3945 1538 4028 plenam
1555 3957 1589 4012 et

386 4047 545 4130 integram
570 4045 717 4130 ejusdem
741 4043 895 4130 peccunia
930 4043 1129 4108 solucionem
1156 4065 1215 4108 sen
1240 4045 1484 4115 restitucionem
1504 4050 1587 4118 intra

387 4149 468 4216 duos
484 4171 613 4216 menses
628 4149 819 4228 faciendam,
834 4157 1007 4234 postquam
1029 4147 1146 4212 nesab
1162 4149 1286 4214 eisdem
1309 4149 1424 4217 abbate
1451 4163 1484 4218 et
1509 4175 1587 4218 con·
