3812 5030
423 591 467 650 20
740 605 953 651 cunourcorr
971 604 1295 650 raraoauaonnsn.

422 755 591 821 Trinitatis
607 755 697 820 venit
719 757 806 841 apud
830 755 976 842 Burgum
1003 778 1099 821 causa
1121 754 1286 833 visitandi,
1301 753 1414 818 volens
1438 751 1553 817 eodem
1575 749 1627 814 dic

423 860 458 923 in
473 859 607 923 ecclesia
621 869 803 924 conventus
825 859 954 944 publice
976 858 1136 924 celebrare
1152 857 1282 922 ordines
1298 877 1386 934 suos,
1403 855 1455 919 cui
1470 854 1627 938 porrectis

425 973 459 1026 et
484 963 627 1048 allegatis
652 963 827 1049 privilegiis
853 964 929 1028 huic
955 963 1089 1028 ecclesie
1114 983 1212 1048 super
1236 962 1300 1025 hoc
1324 983 1343 1023 a
1367 959 1454 1023 curia
1480 960 1627 1022 Romana

425 1065 599 1143 concessis,
625 1066 743 1145 cessit3
767 1076 801 1130 et
828 1065 889 1130 ivit
918 1067 1005 1150 apud
1032 1065 1193 1149 Stangrun
1220 1073 1254 1127 et
1276 1062 1396 1126 ibidem
1421 1061 1454 1124 in
1482 1060 1628 1124 Ecclesia

425 1168 610 1254 parochiali,
625 1169 739 1233 volens
754 1169 920 1254 privilegia
939 1189 1065 1232 servare
1087 1168 1189 1247 illesa,
1205 1166 1335 1231 ordines
1351 1186 1428 1228 suos
1444 1161 1627 1228 celebravit.

428 1271 527 1357 Hugo
543 1270 583 1334 de
599 1270 772 1355 Sulegrave
787 1271 887 1335 abbas
908 1270 1077 1335 Rameseie
1092 1269 1184 1334 obiit.
1230 1267 1293 1333 Cui
1309 1266 1465 1332 successit
1476 1266 1628 1330 dominus

208 1370 613 1438 (s01.1aeaae.r⁶.)wi1101mus
628 1374 668 1438 de
686 1373 899 1439 Gomcestria.

279 1491 415 1538 hl⁰colxix⁰.

289 1599 416 1645 hl⁰eclxx⁰.

281 1688 415 1736 Maelxxn.

272 1804 416 1850 Maurus.
474 1790 548 1853 Hoc
571 1811 656 1852 anno
683 1788 765 1854 obiit
786 1812 841 1854 rex
867 1790 1030 1855 Henricus
1053 1789 1269 1854 1111w10ir0a
1291 1788 1410 1852 festum
1434 1785 1536 1850 sancti
1560 1785 1627 1849 Ed·

428 1890 554 1968 mundi,
583 1890 716 1954 domino
742 1888 901 1954 Edwardo
931 1891 1146 1976 primogenito
1177 1913 1236 1954 suo
1262 1911 1387 1955 moram
1416 1888 1563 1952 trahente
1592 1887 1626 1950 in

428 1991 574 2077 partibus
585 1992 683 2056 Terre
698 1991 826 2057 Sancte.

261 2102 416 2149 Mvoclxxiiia
473 2095 549 2158 Hoc
564 2116 649 2158 anno
665 2094 746 2159 obiit
761 2095 795 2159 in
807 2095 915 2180 vigilia
927 2097 1030 2160 sancti
1043 2095 1192 2179 Gregorii
1207 2095 1293 2158 bone
1306 2094 1460 2157 memorie
1476 2093 1627 2157 dominus

428 2197 591 2263 Robertus
617 2197 656 2262 de
677 2197 816 2262 Suttone
840 2197 940 2262 abbas
965 2199 1059 2262 istius
1085 2199 1147 2262 loci
1176 2199 1211 2262 in
1237 2197 1458 2261 transmarinis
1481 2199 1628 2283 partibus

427 2300 462 2364 in
487 2301 602 2366 itinere
626 2323 740 2366 versus
765 2302 937 2366 concilium
964 2303 1127 2388 Lugduno
1157 2311 1235 2366 ωηο
1259 2301 1497 2366 celebrandurn.
1552 2302 1627 2367 Quo

428 2414 594 2489 conpert0,
621 2414 802 2468 conventus
817 2405 895 2469 lecit
909 2404 1006 2470 finem
1023 2427 1082 2490 pro
1097 2404 1269 2468 vacacione
1284 2424 1342 2488 per
1356 2403 1488 2466 fratrem
1503 2401 1628 2466 Willel-

428 2528 519 2569 mum
535 2505 575 2570 de
592 2505 772 2570 Wodeford
792 2507 1061 2571 commonachum
1085 2528 1181 2570 suum
1204 2527 1265 2591 pro
1280 2525 1357 2570 οοο.
1381 2505 1497 2569 marcis
1520 2528 1627 2570 coram

429 2607 562 2670 domino
578 2607 724 2672 Waltero
740 2609 780 2673 dc
799 2610 952 2674 Mertone
969 2619 1048 2674 tunc
1064 2609 1262 2674 Cancellario
1278 2608 1402 2673 domini
1416 2609 1499 2693 regis
1514 2620 1548 2674 et
1558 2610 1628 2674 aliis

430 2711 470 2774 de
486 2710 632 2789 consilio,
648 2733 686 2775 eo
703 2711 789 2795 quod
805 2712 957 2776 dominus
979 2735 1037 2777 rex
1058 2735 1182 2778 moram
1204 2713 1304 2776 traxit
1317 2712 1351 2776 in
1371 2711 1516 2797 partibus
1531 2712 1629 2777 Terre

432 2813 559 2877 Sancte.

477 2917 553 2981 Hoc
574 2938 670 2996 anno,
685 2917 819 2982 licencia
834 2941 853 2981 a
867 2919 1000 2983 domino
1015 2941 1089 3003 rege
1111 2919 1215 3004 petita
1234 2928 1268 2982 et
1290 2918 1434 2998 obtenta,
1450 2929 1630 2983 conventus

431 3019 627 3085 unanimiter
641 3031 675 3085 et
689 3022 891 3086 concorditer
908 3023 1005 3108 elegit
1020 3022 1188 3086 dominum
1204 3021 1377 3087 Ricardum
1394 3022 1434 3085 de
1450 3021 1630 3086 Londoniis

430 3133 509 3188 tunc
524 3124 690 3188 sacristam
703 3124 815 3208 quinto
830 3126 903 3190 idus
919 3125 1050 3211 Aprilis.
1094 3126 1228 3190 Electus
1244 3135 1352 3190 autem
1374 3126 1459 3190 facta
1477 3125 1632 3189 fidelitate

430 3249 537 3292 coram
561 3228 695 3294 consilio
711 3228 835 3293 domini
855 3229 938 3314 regis
963 3229 1154 3310 Londoniis,
1174 3241 1208 3295 et
1233 3241 1367 3316 optenta
1391 3228 1631 3308 benediccione,

431 3330 505 3413 quia
519 3331 653 3395 ecclesia
669 3353 727 3394 sua
742 3332 880 3395 multum
895 3333 957 3396 luit
968 3342 1100 3397 onerata
1110 3355 1163 3396 ere
1175 3333 1279 3396 alieno
1295 3343 1441 3416 tempore
1456 3331 1630 3395 creacionis

433 3453 490 3494 sue
510 3432 544 3493 in
559 3430 720 3509 abbatem,
737 3432 887 3496 videlicet
909 3433 944 3494 in
959 3455 1060 3496 uun.
1076 3435 1192 3498 marcis
1214 3443 1247 3497 et
1268 3435 1417 3518 amplias,
1433 3454 1493 3497 nec
1518 3431 1632 3495 habuit

432 3534 619 3598 facultatem
633 3533 771 3598 faciendi
793 3535 958 3619 ingressus
984 3557 1071 3616 suos,
1086 3537 1221 3600 consilio
1245 3537 1296 3600 sui
1311 3545 1490 3601 conventus
1506 3532 1632 3598 distulit

432 3637 613 3720 ingressum
640 3659 734 3700 suurn
759 3659 861 3722 usque
887 3637 921 3700 in
946 3659 1068 3702 annum
1094 3646 1295 3724 sequentem.
1340 3638 1406 3704 Qui
1426 3638 1581 3701 simulans
1597 3659 1632 3700 se

434 3739 514 3803 velle
538 3739 584 3803 ire
607 3739 649 3803 ad
673 3739 844 3803 concilium
860 3740 1023 3824 Lugduno
1044 3751 1123 3806 tunc
1149 3741 1377 3807 celebrandum
1402 3741 1486 3805 circa
1510 3740 1631 3804 festum

433 3851 542 3906 sancte
569 3843 751 3927 Margarete
780 3864 893 3907 versus
919 3843 1058 3908 insulam
1093 3845 1133 3909 de
1163 3844 1269 3931 Wyht
1290 3845 1352 3909 iter
1382 3843 1526 3928 arripuit.
1585 3845 1632 3908 Et

433 3943 564 4024 ibidem,
580 3945 691 4029 paucis
707 3944 747 4008 de
769 3945 836 4008 suis
857 3967 967 4010 secum
987 3949 1122 4012 retentis
1138 3969 1234 4012 causa
1249 3948 1366 4011 domus
1379 3968 1436 4011 sue
1451 3947 1631 4022 relevando,

433 4069 557 4112 moram
572 4049 670 4112 traxit
684 4069 787 4132 usque
802 4047 841 4110 ad
858 4049 977 4111 festum
994 4049 1096 4112 sancti
1113 4049 1283 4114 Michaelis
1299 4071 1448 4135 sequens.

478 4151 562 4215 Item
589 4152 651 4215 hoc
667 4173 752 4216 anno
768 4151 851 4238 circa
865 4151 984 4233 festum
1001 4152 1212 4218 Pentecostes
1238 4153 1433 4219 celebratum
1450 4154 1511 4218 fuit
1526 4152 1632 4218 conci·
