3938 5022
667 633 882 679 canonicos
898 633 1225 680 rsraoausousss.
1489 617 1549 677 109

350 783 437 848 Petri
451 784 569 848 clamat
583 784 700 850 habere
719 807 779 872 per
793 795 897 852 cartas
920 788 1186 872 predecessorum
1209 791 1397 848 nostrorum
1423 784 1549 868 Regum

348 886 465 970 Anglie
481 887 623 951 diversas
637 887 813 968 libertates,
825 889 944 974 quibus
958 891 1029 974 ipse
1045 899 1078 954 et
1093 891 1337 975 predecessores
1350 888 1401 952 sui
1415 888 1549 954 abbates

348 988 493 1073 ejusdem
509 989 571 1054 loci
593 1011 721 1076 semper
742 991 899 1056 hactenus
914 992 1151 1059 racionabiliter
1171 994 1224 1058 usi
1247 1003 1335 1072 sunt,
1351 992 1436 1057 sicut
1452 992 1549 1071 dicit3

347 1091 440 1156 vobis
470 1093 660 1158 mandamus
690 1096 778 1180 quod
809 1096 949 1160 eundem
982 1095 1133 1161 abbatem
1164 1097 1369 1162 libertatibus
1396 1096 1549 1182 predictis

348 1194 470 1282 absque
495 1197 718 1282 inpedimento
743 1199 793 1263 uti
817 1211 851 1264 et
875 1200 1015 1284 gaudere
1040 1201 1237 1285 permittatis
1263 1223 1371 1266 coram
1394 1199 1488 1266 vobis
1514 1201 1549 1265 in

347 1297 461 1364 itinere
476 1311 585 1365 vestro
596 1301 630 1364 in
646 1303 802 1366 comitatu
817 1303 975 1388 predicto,
990 1314 1088 1389 prout
1103 1305 1173 1390 ipse
1189 1314 1223 1368 et
1236 1305 1482 1389 predecessores
1497 1304 1549 1368 sui

347 1403 483 1486 predicti
497 1403 701 1467 libertatibus
717 1404 781 1467 illis
795 1404 830 1467 in
845 1405 916 1468 aliia
931 1405 1101 1470 itineribus
1113 1406 1367 1490 justiciariorum
1382 1407 1417 1470 in
1433 1409 1547 1472 eodem

348 1505 504 1569 comitatu
518 1506 754 1570 racionabiliter
766 1507 816 1570 uti
836 1517 869 1572 et
890 1508 1028 1592 gaudere
1053 1519 1302 1574 consueverunt.
1345 1511 1445 1574 Teste
1461 1511 1549 1594 Rege

348 1608 435 1693 apud
452 1609 737 1694 suthamptoniam
753 1609 843 1674 xviii⁰
858 1610 910 1674 die
926 1609 1092 1689 Octobris,
1107 1632 1193 1674 anno
1212 1610 1300 1695 regni
1317 1611 1421 1674 nostri
1438 1612 1515 1674 xiiia

128 1735 187 1798 (soz,
200 1738 256 1787 aaa.
269 1742 317 1803 η)
384 1716 397 1790 l
410 1710 658 1777 Subtracciones
668 1723 702 1777 et
715 1711 901 1798 gravamina
912 1712 996 1776 lacta
1007 1711 1116 1776 abbati
1128 1711 1168 1776 de
1182 1712 1290 1796 Burgo
1300 1713 1403 1776 sancti
1414 1713 1501 1777 Petri
1513 1713 1546 1778 in

127 2044 238 2092 Banasa.

348 1813 537 1895 hundredis,
553 1837 615 1901 que
637 1815 725 1880 idem
747 1814 847 1880 abhas
869 1825 961 1880 tenet
985 1813 1018 1878 in
1046 1813 1202 1878 comitatu
1226 1813 1474 1896 Norhamtonie,
1490 1839 1549 1902 per

348 1918 485 1983 ballivos
502 1919 630 1984 comitis
647 1918 833 1984 Glovernie.

393 2022 557 2109 Inprimis,
572 2045 646 2088 cum
669 2023 773 2087 dictus
796 2021 895 2086 abbas
918 2031 1028 2087 teneat
1050 2019 1090 2086 de
1106 2019 1238 2086 domino
1255 2021 1342 2104 Rege
1364 2041 1424 2106 per
1442 2032 1547 2088 cartas

349 2128 471 2192 domini
489 2128 585 2214 Regis
601 2137 635 2192 et
655 2127 921 2213 predecessorum
944 2147 1076 2190 suorum
1101 2147 1212 2210 regum
1230 2125 1356 2210 Anglie,
1371 2137 1447 2191 octo
1462 2129 1548 2192 hun·

347 2232 455 2312 dreda,
471 2243 505 2296 et
518 2231 636 2295 habeat
655 2239 689 2294 et
710 2230 829 2294 habere
844 2228 960 2293 debeat
981 2229 1016 2292 in
1038 2227 1193 2313 predictis
1216 2227 1393 2292 hundredis
1415 2239 1547 2294 retorna

346 2335 492 2400 brevium
513 2333 637 2398 domini
660 2333 769 2418 Regis,
784 2341 818 2396 et
833 2331 986 2415 quicquid
1001 2331 1181 2395 vicecomes
1204 2330 1303 2394 habet
1325 2330 1360 2394 in
1375 2331 1546 2397 dominicis

345 2439 523 2504 hundredis
553 2436 678 2502 domini
705 2434 813 2519 Regis,
843 2443 877 2496 et
902 2432 999 2498 etiam
1026 2432 1060 2494 in
1086 2431 1209 2495 eisdem
1226 2431 1414 2496 hundredis
1439 2433 1545 2501 levare

345 2543 454 2608 debita
477 2541 600 2605 domini
627 2537 735 2623 Regis,
758 2547 792 2601 et
817 2535 894 2600 inde
916 2557 976 2621 per
1001 2556 1133 2598 manum
1160 2555 1253 2598 auam
1278 2535 1319 2598 ad
1343 2535 1544 2603 Scaccarium

345 2646 469 2712 domini
485 2644 582 2730 Regis
597 2641 811 2727 respondere;
835 2637 1067 2704 subtraxerunt
1088 2637 1198 2703 ballivi
1221 2637 1350 2702 comitis
1367 2637 1545 2706 Glovernie

344 2761 446 2816 totam
461 2749 605 2814 villatam
628 2746 668 2810 de
692 2745 846 2822 Bartona,
862 2742 1023 2821 videlicet,
1045 2741 1178 2808 feodum
1193 2741 1350 2807 Willelmi
1365 2743 1406 2806 de
1422 2743 1545 2824 Insula,

344 2854 436 2939 cujus
453 2873 619 2916 successor
644 2849 799 2914 Ricardus
815 2847 856 2911 de
879 2846 1015 2910 Hanred
1037 2845 1169 2910 nomine
1192 2845 1363 2910 consuevit
1376 2846 1488 2910 venire
1502 2846 1544 2910 ad

344 2958 409 3021 duo
426 2977 541 3039 magna
566 2964 662 3016 turno
677 2949 875 3016 vicecomitis
890 2951 931 3013 de
945 2949 1094 3014 libertate
1116 2947 1242 3012 abbatis
1258 2949 1298 3013 de
1316 2949 1424 3031 Burgo
1440 2948 1544 3012 sancti

344 3057 443 3133 Petri,
458 3077 595 3141 quorum
611 3064 711 3118 terras
730 3053 874 3136 Rogeras
890 3050 930 3113 de
947 3049 1059 3112 Insula
1073 3057 1174 3112 tenet.

386 3160 572 3223 Willelmus
594 3155 805 3241 Templeman
828 3152 999 3218 consuevit
1023 3151 1143 3229 venire,
1168 3149 1224 3234 qui
1247 3148 1354 3213 adhuc
1377 3159 1543 3236 superstes

343 3275 404 3330 est.

386 3365 564 3432 Nicholaus
580 3363 620 3426 de
643 3360 782 3446 Segrave
804 3355 974 3422 consuevit
987 3354 1107 3434 venire,
1123 3353 1216 3438 cujus
1238 3361 1339 3417 terras
1364 3353 1542 3419 Nicholaus

342 3470 427 3535 filius
443 3489 523 3533 suus
541 3465 678 3548 (tenct);
700 3462 783 3525 infra
797 3459 890 3546 cujus
906 3456 1086 3521 manerium
1103 3454 1300 3540 Reginaldus
1317 3453 1426 3534 Ketel,
1438 3476 1542 3540 quon·

343 3575 417 3638 dam
432 3569 570 3636 ballivus
585 3565 723 3643 abbatis,
738 3563 845 3627 tenuit
859 3559 1064 3626 hundredum
1081 3557 1159 3622 dicti
1173 3555 1310 3622 abbatis.

347 3649 351 3656 ¹
385 3675 570 3740 Willelmus
586 3671 626 3735 de
640 3669 672 3733 la
696 3665 833 3730 Kenaile
855 3662 1024 3730 consuevit
1039 3660 1159 3740 venire,
1182 3660 1275 3746 cujus
1297 3669 1398 3724 terras
1415 3659 1541 3726 Willel·

342 3801 415 3844 mus
429 3779 515 3842 filius
530 3777 601 3860 ejus
616 3781 717 3838 tenet.

388 3882 550 3946 Robertus
580 3877 743 3962 Campiun
773 3871 944 3940 consuevit
976 3869 1097 3951 venire,
1126 3869 1219 3954 cujus
1249 3877 1351 3932 terras
1376 3865 1541 3932 Robertus

343 3987 429 4051 filius
445 4007 523 4048 suus
538 3992 639 4047 tenet.

387 4089 410 4156 J
412 4087 555 4154 ohannes
572 4085 711 4169 Saverey
726 4079 895 4147 consuevit
909 4077 1029 4156 venire,
1044 4077 1137 4161 cujus
1152 4074 1439 4139 terrasoohannes
1454 4072 1540 4136 filius

345 4215 423 4259 suus
439 4199 538 4256 tenet.
