<?xml version="1.0" encoding="UTF-8"?>
<!DOCTYPE html PUBLIC "-//W3C//DTD XHTML 1.0 Transitional//EN"
    "http://www.w3.org/TR/xhtml1/DTD/xhtml1-transitional.dtd">
<html xmlns="http://www.w3.org/1999/xhtml" xml:lang="en" lang="en">
 <head>
  <title>
</title>
<meta http-equiv="Content-Type" content="text/html;charset=utf-8" />
  <meta name='ocr-system' content='tesseract 3.04.00' />
  <meta name='ocr-capabilities' content='ocr_page ocr_carea ocr_par ocr_line ocrx_word'/>
</head>
<body>
  <div class='ocr_page' id='page_1' title='image "./chroniconpetrob01brucgoog_0174.png"; bbox 0 0 3894 5024; ppageno 0'>
   <div class='ocr_carea' id='block_1_1' title="bbox 419 595 1296 664">
    <p class='ocr_par' dir='ltr' id='par_1_1' title="bbox 419 595 1296 664">
     <span class='ocr_line' id='line_1_1' title="bbox 419 595 1296 664; baseline -0.007 0"><span class='ocrx_word' id='word_1_1' title='bbox 419 595 482 664; x_wconf 62' lang='lat'><strong>154</strong></span> <span class='ocrx_word' id='word_1_2' title='bbox 737 611 952 660; x_wconf 68' lang='lat' dir='ltr'><strong>mosmos</strong></span> <span class='ocrx_word' id='word_1_3' title='bbox 968 610 1296 658; x_wconf 74' lang='lat' dir='ltr'><strong>Psnnonunosnsn.</strong></span> 
     </span>
    </p>
   </div>
   <div class='ocr_carea' id='block_1_2' title="bbox 413 761 1614 1051">
    <p class='ocr_par' dir='ltr' id='par_1_2' title="bbox 413 761 1614 1051">
     <span class='ocr_line' id='line_1_2' title="bbox 459 761 1614 849; baseline 0 -21"><span class='ocrx_word' id='word_1_4' title='bbox 459 761 523 828; x_wconf 82' lang='lat' dir='ltr'><strong>Est</strong></span> <span class='ocrx_word' id='word_1_5' title='bbox 547 763 645 828; x_wconf 71' lang='lat' dir='ltr'><strong>otiam</strong></span> <span class='ocrx_word' id='word_1_6' title='bbox 665 763 699 827; x_wconf 90' lang='lat' dir='ltr'><strong>in</strong></span> <span class='ocrx_word' id='word_1_7' title='bbox 722 763 834 829; x_wconf 83' lang='lat' dir='ltr'>eadem</span> <span class='ocrx_word' id='word_1_8' title='bbox 849 764 925 830; x_wconf 77' lang='lat' dir='ltr'><strong>villa</strong></span> <span class='ocrx_word' id='word_1_9' title='bbox 938 763 1071 829; x_wconf 78' lang='lat' dir='ltr'><strong>feodum</strong></span> <span class='ocrx_word' id='word_1_10' title='bbox 1092 763 1238 849; x_wconf 82' lang='lat' dir='ltr'><strong>episoopi</strong></span> <span class='ocrx_word' id='word_1_11' title='bbox 1258 762 1438 840; x_wconf 82' lang='lat' dir='ltr'><strong>Lincolnie,</strong></span> <span class='ocrx_word' id='word_1_12' title='bbox 1452 761 1614 844; x_wconf 70' lang='lat' dir='ltr'><strong>videlieet,</strong></span> 
     </span>
     <span class='ocr_line' id='line_1_3' title="bbox 413 864 1612 948; baseline 0.001 -17"><span class='ocrx_word' id='word_1_13' title='bbox 413 864 583 931; x_wconf 66' lang='lat' dir='ltr'><strong>«Iohannes</strong></span> <span class='ocrx_word' id='word_1_14' title='bbox 608 866 694 931; x_wconf 90' lang='lat' dir='ltr'><strong>filius</strong></span> <span class='ocrx_word' id='word_1_15' title='bbox 720 866 865 948; x_wconf 85' lang='lat' dir='ltr'><strong>Roberti,</strong></span> <span class='ocrx_word' id='word_1_16' title='bbox 880 865 1048 932; x_wconf 80' lang='lat' dir='ltr'><strong>Johannes</strong></span> <span class='ocrx_word' id='word_1_17' title='bbox 1072 865 1159 931; x_wconf 89' lang='lat' dir='ltr'><strong>filius</strong></span> <span class='ocrx_word' id='word_1_18' title='bbox 1175 866 1324 945; x_wconf 76' lang='lat' dir='ltr'><strong>Gofridi,</strong></span> <span class='ocrx_word' id='word_1_19' title='bbox 1340 865 1504 932; x_wconf 79' lang='lat' dir='ltr'><strong>Robertus</strong></span> <span class='ocrx_word' id='word_1_20' title='bbox 1525 864 1612 932; x_wconf 83' lang='lat' dir='ltr'><strong>filius</strong></span> 
     </span>
     <span class='ocr_line' id='line_1_4' title="bbox 415 966 1613 1051; baseline 0.003 -17"><span class='ocrx_word' id='word_1_21' title='bbox 415 966 524 1034; x_wconf 87' lang='lat' dir='ltr'><strong>Bricii.</strong></span> <span class='ocrx_word' id='word_1_22' title='bbox 565 969 614 1035; x_wconf 77' lang='lat' dir='ltr'><strong>Et</strong></span> <span class='ocrx_word' id='word_1_23' title='bbox 628 969 726 1036; x_wconf 79' lang='lat' dir='ltr'><strong>etism</strong></span> <span class='ocrx_word' id='word_1_24' title='bbox 740 971 872 1036; x_wconf 82' lang='lat' dir='ltr'><strong>feodum</strong></span> <span class='ocrx_word' id='word_1_25' title='bbox 887 970 1031 1036; x_wconf 81' lang='lat' dir='ltr'>Simonis</span> <span class='ocrx_word' id='word_1_26' title='bbox 1045 969 1237 1050; x_wconf 64' lang='lat' dir='ltr'><strong>OE&#39;russebut,</strong></span> <span class='ocrx_word' id='word_1_27' title='bbox 1252 969 1385 1051; x_wconf 85' lang='lat' dir='ltr'><strong>soilioet,</strong></span> <span class='ocrx_word' id='word_1_28' title='bbox 1440 1013 1450 1038; x_wconf 85' lang='lat'><strong>.</strong></span> <span class='ocrx_word' id='word_1_29' title='bbox 1495 1017 1504 1038; x_wconf 92' lang='lat'><strong>.</strong></span> <span class='ocrx_word' id='word_1_30' title='bbox 1547 1015 1558 1038; x_wconf 91' lang='lat'><strong>.</strong></span> <span class='ocrx_word' id='word_1_31' title='bbox 1601 1015 1613 1037; x_wconf 86' lang='lat'><strong>.</strong></span> 
     </span>
    </p>
   </div>
   <div class='ocr_carea' id='block_1_3' title="bbox 578 1158 1446 1247">
    <p class='ocr_par' dir='ltr' id='par_1_3' title="bbox 578 1158 1446 1247">
     <span class='ocr_line' id='line_1_5' title="bbox 578 1158 1446 1247; baseline -0.001 -21"><span class='ocrx_word' id='word_1_32' title='bbox 578 1159 741 1226; x_wconf 72' lang='lat' dir='ltr'>&#39;senentes</span> <span class='ocrx_word' id='word_1_33' title='bbox 755 1160 882 1227; x_wconf 80' lang='lat' dir='ltr'><strong>abbatis</strong></span> <span class='ocrx_word' id='word_1_34' title='bbox 896 1160 931 1226; x_wconf 92' lang='lat' dir='ltr'><strong>in</strong></span> <span class='ocrx_word' id='word_1_35' title='bbox 946 1158 1170 1246; x_wconf 78' lang='lat' dir='ltr'><strong>Messinghom</strong></span> <span class='ocrx_word' id='word_1_36' title='bbox 1184 1169 1219 1225; x_wconf 85' lang='lat' dir='ltr'><strong>et</strong></span> <span class='ocrx_word' id='word_1_37' title='bbox 1232 1158 1446 1247; x_wconf 81' lang='lat' dir='ltr'><strong>Buttirwyke.</strong></span> 
     </span>
    </p>
   </div>
   <div class='ocr_carea' id='block_1_4' title="bbox 499 1276 875 1572">
    <p class='ocr_par' dir='ltr' id='par_1_4' title="bbox 499 1276 875 1572">
     <span class='ocr_line' id='line_1_6' title="bbox 499 1276 875 1344; baseline -0.013 0"><span class='ocrx_word' id='word_1_38' title='bbox 499 1276 592 1344; x_wconf 86' lang='lat' dir='ltr'>Prior</span> <span class='ocrx_word' id='word_1_39' title='bbox 607 1278 648 1342; x_wconf 84' lang='lat' dir='ltr'><strong>de</strong></span> <span class='ocrx_word' id='word_1_40' title='bbox 662 1278 875 1344; x_wconf 81' lang='lat' dir='ltr'><strong>Thornholm.</strong></span> 
     </span>
     <span class='ocr_line' id='line_1_7' title="bbox 500 1379 834 1446; baseline 0.003 -1"><span class='ocrx_word' id='word_1_41' title='bbox 500 1381 664 1446; x_wconf 83' lang='lat' dir='ltr'><strong>Martinus</strong></span> <span class='ocrx_word' id='word_1_42' title='bbox 680 1379 834 1446; x_wconf 81' lang='lat' dir='ltr'><strong>creuker.</strong></span> 
     </span>
     <span class='ocr_line' id='line_1_8' title="bbox 501 1484 837 1572; baseline 0 -22"><span class='ocrx_word' id='word_1_43' title='bbox 501 1484 670 1550; x_wconf 83' lang='lat' dir='ltr'><strong>Gilbertus</strong></span> <span class='ocrx_word' id='word_1_44' title='bbox 685 1484 837 1572; x_wconf 77' lang='lat' dir='ltr'><strong>Toylsrd.</strong></span> 
     </span>
    </p>
   </div>
   <div class='ocr_carea' id='block_1_5' title="bbox 497 1589 890 1756">
    <p class='ocr_par' dir='ltr' id='par_1_5' title="bbox 497 1589 890 1756">
     <span class='ocr_line' id='line_1_9' title="bbox 497 1589 804 1676; baseline 0.003 -23"><span class='ocrx_word' id='word_1_45' title='bbox 497 1589 641 1654; x_wconf 79' lang='lat' dir='ltr'><strong>Thomas</strong></span> <span class='ocrx_word' id='word_1_46' title='bbox 657 1589 804 1676; x_wconf 80' lang='lat' dir='ltr'><strong>Plntyng.</strong></span> 
     </span>
     <span class='ocr_line' id='line_1_10' title="bbox 499 1687 890 1756; baseline -0.003 0"><span class='ocrx_word' id='word_1_47' title='bbox 499 1689 663 1756; x_wconf 83' lang='lat' dir='ltr'><strong>Henricus</strong></span> <span class='ocrx_word' id='word_1_48' title='bbox 678 1689 765 1754; x_wconf 89' lang='lat' dir='ltr'><strong>filius</strong></span> <span class='ocrx_word' id='word_1_49' title='bbox 780 1687 890 1755; x_wconf 88' lang='lat' dir='ltr'><strong>Brioii.</strong></span> 
     </span>
    </p>
   </div>
   <div class='ocr_carea' id='block_1_6' title="bbox 497 1791 1609 1984">
    <p class='ocr_par' dir='ltr' id='par_1_6' title="bbox 497 1791 1609 1984">
     <span class='ocr_line' id='line_1_11' title="bbox 497 1791 1181 1861; baseline -0.001 0"><span class='ocrx_word' id='word_1_50' title='bbox 497 1795 520 1861; x_wconf 90' lang='lat' dir='ltr'>J</span> <span class='ocrx_word' id='word_1_51' title='bbox 522 1795 667 1860; x_wconf 80' lang='lat' dir='ltr'><strong>ohannes</strong></span> <span class='ocrx_word' id='word_1_52' title='bbox 681 1793 768 1858; x_wconf 88' lang='lat' dir='ltr'><strong>filius</strong></span> <span class='ocrx_word' id='word_1_53' title='bbox 782 1791 940 1858; x_wconf 80' lang='lat' dir='ltr'>willelmi</span> <span class='ocrx_word' id='word_1_54' title='bbox 954 1793 1070 1861; x_wconf 76' lang='lat' dir='ltr'><strong>oles-ici.</strong></span> <span class='ocrx_word' id='word_1_55' title='bbox 1177 1801 1181 1808; x_wconf 84' lang='grc'><strong>’</strong></span> 
     </span>
     <span class='ocr_line' id='line_1_12' title="bbox 994 1897 1609 1984; baseline 0.007 -22"><span class='ocrx_word' id='word_1_56' title='bbox 994 1897 1056 1962; x_wconf 87' lang='lat' dir='ltr'><strong>Isti</strong></span> <span class='ocrx_word' id='word_1_57' title='bbox 1070 1905 1137 1964; x_wconf 79' lang='lat' dir='ltr'><strong>tres</strong></span> <span class='ocrx_word' id='word_1_58' title='bbox 1148 1899 1389 1984; x_wconf 76' lang='lat' dir='ltr'><strong>desponsarunt</strong></span> <span class='ocrx_word' id='word_1_59' title='bbox 1402 1909 1468 1966; x_wconf 85' lang='lat' dir='ltr'><strong>tres</strong></span> <span class='ocrx_word' id='word_1_60' title='bbox 1483 1923 1609 1968; x_wconf 83' lang='lat' dir='ltr'><strong>sorores</strong></span> 
     </span>
    </p>
   </div>
   <div class='ocr_carea' id='block_1_7' title="bbox 498 1939 1610 2132">
    <p class='ocr_par' dir='ltr' id='par_1_7' title="bbox 498 1939 1610 2132">
     <span class='ocr_line' id='line_1_13' title="bbox 498 1939 1423 2018; baseline 0.002 -15"><span class='ocrx_word' id='word_1_61' title='bbox 498 1939 661 2006; x_wconf 82' lang='lat' dir='ltr'><strong>Henrious</strong></span> <span class='ocrx_word' id='word_1_62' title='bbox 677 1939 791 2005; x_wconf 80' lang='lat' dir='ltr'><strong>Bolax.</strong></span> <span class='ocrx_word' id='word_1_63' title='bbox 1240 2002 1271 2016; x_wconf 89' lang='lat'><strong>..</strong></span> <span class='ocrx_word' id='word_1_64' title='bbox 1416 2003 1423 2018; x_wconf 81' lang='lat'>‚</span> 
     </span>
     <span class='ocr_line' id='line_1_14' title="bbox 498 1999 1610 2132; baseline 0.004 -67"><span class='ocrx_word' id='word_1_65' title='bbox 498 2042 646 2128; x_wconf 60' lang='lat' dir='ltr'>Rogems</span> <span class='ocrx_word' id='word_1_66' title='bbox 662 2041 912 2132; x_wconf 46' lang='lat' dir='ltr'><strong>deBenygwrd·</strong></span> <span class='ocrx_word' id='word_1_67' title='bbox 962 1999 1109 2080; x_wconf 78' lang='lat' dir='ltr'><strong>horodes,</strong></span> <span class='ocrx_word' id='word_1_68' title='bbox 1132 2009 1166 2065; x_wconf 83' lang='lat' dir='ltr'><strong>et</strong></span> <span class='ocrx_word' id='word_1_69' title='bbox 1194 2002 1331 2087; x_wconf 83' lang='lat' dir='ltr'>qu1hbet</span> <span class='ocrx_word' id='word_1_70' title='bbox 1363 2003 1442 2069; x_wconf 69' lang='lat' dir='ltr'><strong>font</strong></span> <span class='ocrx_word' id='word_1_71' title='bbox 1476 2014 1610 2085; x_wconf 78' lang='lat' dir='ltr'><strong>sootsm,</strong></span> 
     </span>
    </p>
   </div>
   <div class='ocr_carea' id='block_1_8' title="bbox 496 2103 1609 2503">
    <p class='ocr_par' dir='ltr' id='par_1_8' title="bbox 497 2103 1609 2286">
     <span class='ocr_line' id='line_1_15' title="bbox 497 2103 1609 2271; baseline 0.012 -112"><span class='ocrx_word' id='word_1_72' title='bbox 497 2144 656 2212; x_wconf 48' lang='lat' dir='ltr'><strong>mondus</strong></span> <span class='ocrx_word' id='word_1_73' title='bbox 672 2145 712 2210; x_wconf 62' lang='lat' dir='ltr'><strong>de</strong></span> <span class='ocrx_word' id='word_1_74' title='bbox 727 2146 896 2236; x_wconf 46' lang='grc' dir='ltr'><strong>ΜΨ.</strong></span> <span class='ocrx_word' id='word_1_75' title='bbox 962 2103 1040 2271; x_wconf 61' lang='lat' dir='ltr'><strong>guis</strong></span> <span class='ocrx_word' id='word_1_76' title='bbox 1067 2103 1191 2168; x_wconf 74' lang='lat' dir='ltr'><strong>nullom</strong></span> <span class='ocrx_word' id='word_1_77' title='bbox 1215 2104 1322 2222; x_wconf 78' lang='lat' dir='ltr'><strong>voluit</strong></span> <span class='ocrx_word' id='word_1_78' title='bbox 1354 2106 1459 2172; x_wconf 79' lang='lat' dir='ltr'><strong>faoere</strong></span> <span class='ocrx_word' id='word_1_79' title='bbox 1488 2107 1609 2174; x_wconf 82' lang='lat' dir='ltr'><strong>oontri·</strong></span> 
     </span>
     <span class='ocr_line' id='line_1_16' title="bbox 935 2207 1252 2286; baseline 0.006 -16"><span class='ocrx_word' id='word_1_80' title='bbox 935 2253 945 2286; x_wconf 60' lang='grc'><strong>,</strong></span> <span class='ocrx_word' id='word_1_81' title='bbox 986 2227 1135 2272; x_wconf 77' lang='lat' dir='ltr'><strong>umonem</strong></span> <span class='ocrx_word' id='word_1_82' title='bbox 1149 2207 1252 2272; x_wconf 73' lang='lat' dir='ltr'><strong>alton.</strong></span> 
     </span>
    </p>

    <p class='ocr_par' dir='ltr' id='par_1_9' title="bbox 497 2311 869 2400">
     <span class='ocr_line' id='line_1_17' title="bbox 497 2311 869 2400; baseline 0 -22"><span class='ocrx_word' id='word_1_83' title='bbox 497 2311 660 2378; x_wconf 83' lang='lat' dir='ltr'><strong>Robertns</strong></span> <span class='ocrx_word' id='word_1_84' title='bbox 676 2313 869 2400; x_wconf 76' lang='lat' dir='ltr'><strong>cooperoor.</strong></span> 
     </span>
    </p>

    <p class='ocr_par' dir='ltr' id='par_1_10' title="bbox 496 2415 780 2503">
     <span class='ocr_line' id='line_1_18' title="bbox 496 2415 780 2503; baseline 0.004 -21"><span class='ocrx_word' id='word_1_85' title='bbox 496 2415 659 2482; x_wconf 86' lang='lat' dir='ltr'><strong>Henrious</strong></span> <span class='ocrx_word' id='word_1_86' title='bbox 675 2415 780 2503; x_wconf 85' lang='lat' dir='ltr'><strong>Knyt.</strong></span> 
     </span>
    </p>
   </div>
   <div class='ocr_carea' id='block_1_9' title="bbox 493 2519 960 2811">
    <p class='ocr_par' dir='ltr' id='par_1_11' title="bbox 493 2519 960 2811">
     <span class='ocr_line' id='line_1_19' title="bbox 496 2519 880 2606; baseline 0.005 -22"><span class='ocrx_word' id='word_1_87' title='bbox 496 2519 660 2585; x_wconf 85' lang='lat' dir='ltr'><strong>Henrious</strong></span> <span class='ocrx_word' id='word_1_88' title='bbox 675 2520 716 2586; x_wconf 87' lang='lat' dir='ltr'><strong>de</strong></span> <span class='ocrx_word' id='word_1_89' title='bbox 731 2519 880 2606; x_wconf 83' lang='lat' dir='ltr'><strong>Wawyn.</strong></span> 
     </span>
     <span class='ocr_line' id='line_1_20' title="bbox 494 2620 960 2689; baseline 0.009 -4"><span class='ocrx_word' id='word_1_90' title='bbox 494 2620 657 2688; x_wconf 85' lang='lat' dir='ltr'><strong>Robertus</strong></span> <span class='ocrx_word' id='word_1_91' title='bbox 672 2623 758 2688; x_wconf 89' lang='lat' dir='ltr'><strong>filius</strong></span> <span class='ocrx_word' id='word_1_92' title='bbox 771 2622 960 2689; x_wconf 82' lang='lat' dir='ltr'>Alexandri.</span> 
     </span>
     <span class='ocr_line' id='line_1_21' title="bbox 493 2724 828 2811; baseline 0.006 -23"><span class='ocrx_word' id='word_1_93' title='bbox 493 2724 620 2788; x_wconf 87' lang='lat' dir='ltr'><strong>Brioius</strong></span> <span class='ocrx_word' id='word_1_94' title='bbox 635 2725 733 2790; x_wconf 79' lang='lat' dir='ltr'><strong>frater</strong></span> <span class='ocrx_word' id='word_1_95' title='bbox 746 2726 828 2811; x_wconf 82' lang='lat' dir='ltr'><strong>ejus.</strong></span> 
     </span>
    </p>
   </div>
   <div class='ocr_carea' id='block_1_10' title="bbox 490 2834 999 4152">
    <p class='ocr_par' dir='ltr' id='par_1_12' title="bbox 490 2834 999 4152">
     <span class='ocr_line' id='line_1_22' title="bbox 490 2834 965 2902; baseline 0.004 -3"><span class='ocrx_word' id='word_1_96' title='bbox 490 2834 512 2899; x_wconf 81' lang='lat' dir='ltr'>J</span> <span class='ocrx_word' id='word_1_97' title='bbox 515 2835 660 2900; x_wconf 80' lang='lat' dir='ltr'><strong>ohannes</strong></span> <span class='ocrx_word' id='word_1_98' title='bbox 675 2835 761 2900; x_wconf 87' lang='lat' dir='ltr'><strong>filius</strong></span> <span class='ocrx_word' id='word_1_99' title='bbox 777 2835 965 2902; x_wconf 78' lang='lat' dir='ltr'><strong>Baldowini.</strong></span> 
     </span>
     <span class='ocr_line' id='line_1_23' title="bbox 490 2937 950 3006; baseline 0.004 -4"><span class='ocrx_word' id='word_1_100' title='bbox 490 2937 659 3004; x_wconf 80' lang='lat' dir='ltr'><strong>Johsnnes</strong></span> <span class='ocrx_word' id='word_1_101' title='bbox 675 2939 716 3004; x_wconf 84' lang='lat' dir='ltr'><strong>de</strong></span> <span class='ocrx_word' id='word_1_102' title='bbox 731 2940 950 3006; x_wconf 82' lang='lat' dir='ltr'><strong>Baroworthe.</strong></span> 
     </span>
     <span class='ocr_line' id='line_1_24' title="bbox 490 3041 795 3127; baseline 0 -20"><span class='ocrx_word' id='word_1_103' title='bbox 490 3041 615 3107; x_wconf 80' lang='lat' dir='ltr'><strong>Alanus</strong></span> <span class='ocrx_word' id='word_1_104' title='bbox 632 3042 795 3127; x_wconf 80' lang='lat' dir='ltr'><strong>Serjount.</strong></span> 
     </span>
     <span class='ocr_line' id='line_1_25' title="bbox 490 3145 860 3211; baseline 0 -1"><span class='ocrx_word' id='word_1_105' title='bbox 490 3145 660 3211; x_wconf 81' lang='lat' dir='ltr'><strong>Johonnes</strong></span> <span class='ocrx_word' id='word_1_106' title='bbox 676 3145 860 3210; x_wconf 87' lang='lat' dir='ltr'><strong>Mortimer.</strong></span> 
     </span>
     <span class='ocr_line' id='line_1_26' title="bbox 491 3247 913 3333; baseline 0 -20"><span class='ocrx_word' id='word_1_107' title='bbox 491 3247 655 3314; x_wconf 82' lang='lat' dir='ltr'><strong>Henrious</strong></span> <span class='ocrx_word' id='word_1_108' title='bbox 672 3248 913 3333; x_wconf 84' lang='lat' dir='ltr'><strong>Bekonohemp.</strong></span> 
     </span>
     <span class='ocr_line' id='line_1_27' title="bbox 491 3351 804 3416; baseline 0 0"><span class='ocrx_word' id='word_1_109' title='bbox 491 3352 609 3416; x_wconf 79' lang='lat' dir='ltr'><strong>Petrus</strong></span> <span class='ocrx_word' id='word_1_110' title='bbox 623 3351 654 3415; x_wconf 85' lang='lat' dir='ltr'><strong>le</strong></span> <span class='ocrx_word' id='word_1_111' title='bbox 670 3351 804 3416; x_wconf 81' lang='lat' dir='ltr'><strong>Ferour.</strong></span> 
     </span>
     <span class='ocr_line' id='line_1_28' title="bbox 491 3452 851 3540; baseline -0.008 -21"><span class='ocrx_word' id='word_1_112' title='bbox 491 3454 655 3519; x_wconf 86' lang='lat' dir='ltr'><strong>Henrious</strong></span> <span class='ocrx_word' id='word_1_113' title='bbox 670 3452 851 3540; x_wconf 86' lang='lat' dir='ltr'><strong>Wyrhoke.</strong></span> 
     </span>
     <span class='ocr_line' id='line_1_29' title="bbox 491 3552 772 3639; baseline 0 -19"><span class='ocrx_word' id='word_1_114' title='bbox 491 3557 650 3622; x_wconf 84' lang='lat' dir='ltr'><strong>Radulfus</strong></span> <span class='ocrx_word' id='word_1_115' title='bbox 665 3556 688 3622; x_wconf 90' lang='lat' dir='ltr'>J</span> <span class='ocrx_word' id='word_1_116' title='bbox 689 3552 772 3639; x_wconf 82' lang='lat' dir='ltr'><strong>ogel.</strong></span> 
     </span>
     <span class='ocr_line' id='line_1_30' title="bbox 493 3656 794 3743; baseline 0 -22"><span class='ocrx_word' id='word_1_117' title='bbox 493 3657 656 3724; x_wconf 83' lang='lat' dir='ltr'><strong>Robertus</strong></span> <span class='ocrx_word' id='word_1_118' title='bbox 672 3656 794 3743; x_wconf 83' lang='lat' dir='ltr'><strong>Hurry.</strong></span> 
     </span>
     <span class='ocr_line' id='line_1_31' title="bbox 491 3757 883 3826; baseline 0.005 -2"><span class='ocrx_word' id='word_1_119' title='bbox 491 3759 656 3824; x_wconf 76' lang='lat' dir='ltr'><strong>Wolterus</strong></span> <span class='ocrx_word' id='word_1_120' title='bbox 671 3758 757 3823; x_wconf 89' lang='lat' dir='ltr'><strong>filius</strong></span> <span class='ocrx_word' id='word_1_121' title='bbox 774 3757 883 3826; x_wconf 85' lang='lat' dir='ltr'><strong>Brioii.</strong></span> 
     </span>
     <span class='ocr_line' id='line_1_32' title="bbox 492 3860 999 3948; baseline -0.002 -20"><span class='ocrx_word' id='word_1_122' title='bbox 492 3861 669 3928; x_wconf 80' lang='lat' dir='ltr'><strong>Nioholnus</strong></span> <span class='ocrx_word' id='word_1_123' title='bbox 685 3860 726 3927; x_wconf 83' lang='lat' dir='ltr'><strong>de</strong></span> <span class='ocrx_word' id='word_1_124' title='bbox 742 3860 999 3948; x_wconf 82' lang='lat' dir='ltr'><strong>Spryngthorpe.</strong></span> 
     </span>
     <span class='ocr_line' id='line_1_33' title="bbox 494 3964 818 4049; baseline -0.012 -17"><span class='ocrx_word' id='word_1_125' title='bbox 494 3964 656 4032; x_wconf 85' lang='lat' dir='ltr'><strong>Robertus</strong></span> <span class='ocrx_word' id='word_1_126' title='bbox 672 3965 818 4049; x_wconf 73' lang='lat' dir='ltr'><strong>Stngsrd.</strong></span> 
     </span>
     <span class='ocr_line' id='line_1_34' title="bbox 709 4067 922 4152; baseline -0.028 -16"><span class='ocrx_word' id='word_1_127' title='bbox 709 4067 922 4152; x_wconf 79' lang='lat' dir='ltr'><strong>Butn&#39;rwyke.</strong></span> 
     </span>
    </p>
   </div>
   <div class='ocr_carea' id='block_1_11' title="bbox 0 0 1952 5024">
    <p class='ocr_par' dir='ltr' id='par_1_13' title="bbox 0 0 1952 5024">
     <span class='ocr_line' id='line_1_35' title="bbox 0 0 1952 5024; baseline 0 0"><span class='ocrx_word' id='word_1_128' title='bbox 0 0 1952 5024; x_wconf 95' lang='lat' dir='ltr'><strong> </strong></span> 
     </span>
    </p>
   </div>
  </div>
 </body>
</html>
