3938 5022
681 633 896 682 canonicos
920 637 1250 684 aauaoauaounss.
1509 618 1572 692 117

363 783 535 848 hominum
560 785 696 870 predicti
718 788 847 852 comitis
873 789 913 853 de
944 789 1090 854 Bartona
1116 789 1263 868 Hanred,
1293 789 1441 854 Burtona
1472 785 1568 873 j'uxta

364 888 553 968 craneford,
582 891 770 976 Tyngdene‚
803 891 990 970 craneford,
1021 895 1221 979 Aldingtona
1253 894 1349 980 juxta
1378 891 1568 977 Irtlinburg,

363 989 544 1055 Wodeford
564 991 659 1076 juxta
675 993 774 1077 Islep,
790 994 961 1074 Luffwike,
977 995 1154 1074 Dencsorrl,
1171 995 1374 1060 Aldewinkel
1388 1005 1421 1059 et
1442 995 1568 1080 Thrap-

364 1101 461 1158 stona
474 1093 558 1158 infra
571 1094 773 1179 procinctum
794 1095 1012 1179 predictorum
1030 1097 1272 1161 hundredorum
1289 1097 1425 1182 predicti
1440 1094 1568 1162 abbatis

364 1201 475 1261 tenere
500 1204 534 1260 et
557 1197 710 1282 placitare
733 1196 861 1276 debeat,
888 1197 973 1262 sicut
997 1197 1131 1264 abbates
1157 1198 1198 1262 de
1224 1197 1335 1282 Burgo
1350 1198 1454 1264 sancti
1478 1199 1569 1264 Petri

364 1297 607 1381 predecessores
622 1297 758 1382 predicti
774 1297 899 1362 abbatis
914 1320 973 1382 per
987 1309 1092 1362 cartas
1104 1297 1368 1383 predecessorum
1380 1309 1567 1367 nostrorum

366 1401 492 1487 Regum
517 1401 646 1486 Anglie,
666 1422 745 1484 quas
770 1401 858 1464 idem
881 1400 981 1464 abbas
1004 1401 1080 1462 inde
1105 1399 1214 1480 habet,
1234 1401 1423 1486 hujusmodi
1448 1402 1568 1486 placita

365 1511 475 1567 tenere
490 1513 524 1566 et
543 1503 695 1587 placitare
710 1511 950 1566 consueverunt
960 1526 970 1580 3
994 1501 1082 1566 idern
1109 1522 1218 1566 comes
1238 1503 1399 1587 prelatum
1415 1502 1567 1568 abbatem

365 1605 484 1690 placita
498 1605 552 1668 illa
567 1605 652 1669 sicut
673 1627 711 1669 ea
726 1613 836 1668 tenere
851 1613 884 1668 et
909 1603 1061 1688 placitare
1077 1603 1185 1682 debet,
1200 1615 1234 1667 et
1257 1605 1499 1688 predecessores
1516 1607 1567 1672 sui

366 1726 404 1770 ea
430 1715 540 1771 tenera
555 1716 589 1770 et
614 1706 768 1790 placitare
783 1714 1042 1784 consueverunt3
1068 1713 1179 1768 tenere
1195 1713 1227 1770 et
1242 1705 1394 1789 placitare
1410 1727 1476 1770 non
1494 1729 1567 1792 per·

366 1809 468 1874 mittit
482 1810 515 1873 in
531 1809 633 1895 ipsius
649 1808 775 1874 abbatis
791 1818 825 1873 et
839 1807 973 1873 ecclesie
989 1829 1046 1872 sue
1062 1807 1166 1872 sancti
1179 1807 1266 1872 Petri
1282 1807 1322 1872 de
1338 1808 1447 1894 Burgo
1464 1809 1567 1872 saneti

144 1911 205 1974 (fat.
217 1911 327 1974 maa)
368 1913 454 1977 Petri
470 1912 677 1997 dispendium
692 1933 758 1976 non
783 1912 948 1976 modicum
964 1920 998 1974 et
1015 1909 1174 1974 libertatis
1195 1916 1276 1994 sue)
1290 1911 1448 1976 lesionem
1463 1912 1566 1976 mani-

140 1999 277 2047 D⁶⁵⁸⁵¹¹⁰f⁸
291 1999 352 2046 ΜΡ
366 2016 494 2096 festam,
509 2026 547 2080 ut
571 2016 660 2082 dicit.
706 2016 751 2079 Et
776 2015 896 2079 habeas
921 2013 966 2078 ibi
993 2013 1284 2078 summonicionem
1311 2023 1345 2076 et
1370 2013 1433 2080 hoc
1458 2013 1566 2082 breve.

141 2065 336 2177 psspnpomini
365 2121 463 2185 Teste
478 2121 603 2205 meipso
619 2119 706 2205 apud
722 2119 851 2183 Bellum
861 2119 987 2182 Locum
999 2117 1108 2202 Regis,
1117 2117 1183 2182 xvi.
1195 2116 1246 2180 die
1259 2117 1292 2181 N
1294 2117 1467 2197 ovembris,
1478 2141 1565 2184 anno

140 2193 333 2321 ffiffi'qffi,
364 2223 455 2308 regni
469 2223 574 2288 nostri
588 2223 668 2288 xiir.

275 2391 278 2398 .
407 2329 516 2392 'senor
529 2327 636 2392 brevis
652 2326 693 2390 de
708 2325 826 2390 debitis
842 2324 967 2388 domini
982 2323 1079 2406 Regis
1094 2323 1240 2388 levandis
1255 2323 1328 2388 talis
1344 2332 1395 2387 est
1407 2349 1460 2387 :-

139 2435 227 2484 D0bit⁸
243 2435 352 2486 levansa
408 2431 588 2496 Edwardus
612 2429 676 2494 Dei
702 2429 803 2514 gratia
818 2437 880 2494 etc.
894 2426 1077 2492 vicecomiti
1092 2425 1318 2490 Norhamtone
1333 2426 1482 2492 salutem.
1527 2429 1562 2494 Si
1663 2473 1667 2482 .

364 2534 464 2599 abbas
479 2535 520 2599 de
544 2536 654 2619 Burgo
670 2532 772 2596 sancti
796 2531 883 2595 Petri
907 2539 968 2595 etc.
984 2539 1064 2592 tunc
1079 2540 1283 2594 summonete
1298 2539 1360 2594 etc.
1377 2529 1562 2600 Gilbertum

363 2639 404 2704 de
421 2638 515 2703 Clare
530 2638 682 2703 comitem
700 2634 904 2700 Gloucestrie
920 2644 954 2698 et
970 2632 1169 2712 Hertfordie,
1184 2633 1271 2717 quod
1288 2633 1331 2696 sit
1346 2655 1453 2698 coram
1466 2635 1564 2720 justi-

362 2741 466 2806 ciariis
493 2737 614 2807 nostris
629 2740 670 2804 ad
693 2740 831 2825 primam
857 2738 1003 2816 assisam,
1029 2758 1104 2801 cum
1127 2736 1161 2800 in
1188 2747 1296 2821 partes
1319 2737 1389 2802 illas
1405 2738 1563 2818 venerint,

361 2855 553 2911 ostensurus
582 2865 680 2929 quare
709 2865 784 2907 cum
812 2842 900 2906 idem
924 2839 1026 2904 abbas
1055 2840 1184 2904 racione
1213 2850 1289 2904 octo
1319 2840 1561 2910 hundredorum

362 2969 494 3012 suorum
510 2967 573 3032 que
598 2948 630 3010 in
655 2945 802 3030 predicto
818 2945 975 3008 comitatu
991 2943 1032 3006 de
1047 2941 1142 3008 nobis
1157 2952 1247 3006 tenet
1271 2941 1305 3006 in
1321 2943 1438 3026 capite,
1453 2942 1564 3012 debita

361 3061 473 3116 nostra
498 3051 539 3114 de
561 3048 749 3113 hominibus
764 3046 901 3132 predicti
927 3044 1056 3110 comitis
1080 3044 1120 3108 de
1138 3045 1281 3108 Bartona
1307 3044 1453 3123 Hanred,
1478 3046 1561 3110 Bur·

361 3163 440 3218 tona
451 3155 547 3240 juxta
559 3150 748 3227 Craneford,
761 3148 965 3232 Thingdene,
978 3147 1167 3224 Craneford,
1178 3146 1367 3230 Adingtona
1378 3148 1474 3231 juxta
1490 3147 1561 3212 Irk-

361 3255 579 3341 lingburgum,
589 3249 770 3318 Wodeford
782 3251 877 3336 juxta
889 3249 988 3332 Islep,
1001 3246 1189 3325 Luffewike,
1199 3247 1377 3326 Deneford,
1388 3247 1560 3316 Aldewicle

361 3371 396 3426 et
409 3361 593 3446 Trapstona
607 3357 690 3421 infra
706 3355 907 3440 procinctum
927 3351 1147 3437 predictorum
1165 3349 1408 3416 hundredorum
1424 3353 1561 3436 predicti

361 3463 488 3530 abbatis
526 3455 815 3534 commorantibus,
844 3475 903 3540 per
939 3451 1232 3516 summonicionem
1263 3451 1419 3516 Scaccarii
1456 3456 1559 3524 nostri

360 3567 467 3632 levare
490 3575 524 3630 et
550 3562 645 3627 nobis
668 3560 744 3625 inde
759 3559 955 3644 respondere
982 3555 1109 3635 debeat,
1136 3555 1220 3620 sicut
1244 3554 1378 3620 abbates
1394 3557 1434 3621 de
1449 3556 1560 3644 Burgo

361 3669 464 3734 sancti
476 3667 562 3733 Petri
572 3665 814 3751 predecessores
826 3659 962 3748 predicti
976 3656 1102 3723 abbatis
1112 3679 1169 3743 per
1180 3667 1283 3722 cartas
1295 3659 1559 3743 predecessorum

360 3783 545 3838 nostrorum
568 3791 679 3855 regum
695 3767 821 3852 Anglie,
837 3787 917 3851 quas
932 3763 1019 3828 idem
1034 3761 1134 3826 abbas
1148 3761 1224 3826 inde
1246 3761 1356 3840 habet,
1370 3763 1559 3847 hujusmodi

360 3875 470 3940 debita
485 3883 597 3939 nostra
621 3873 739 3949 levare,
762 3881 796 3933 et
819 3867 914 3932 nobis
937 3877 971 3931 et
996 3863 1279 3950 predecessoribus
1294 3865 1414 3928 nostris
1430 3867 1560 3951 regibus

360 3977 514 4064 predictis
539 3976 635 4041 nobis
660 3975 736 4039 inde
760 3971 958 4057 respondere
973 3975 1223 4044 consueverunt,
1248 3965 1335 4030 idem
1361 3988 1470 4032 eomes
1486 3991 1558 4053 pre-

360 4084 464 4146 latum
487 4076 637 4142 abbatem
660 4073 851 4161 hujusmodi
874 4070 983 4136 debita
1008 4079 1120 4134 nostra
1135 4069 1175 4132 de
1190 4067 1344 4152 predictis
1369 4068 1557 4138 hominibus

361 4181 496 4270 predicti
512 4177 651 4256 comitis,
667 4177 750 4242 sicut
765 4197 802 4239 ea
815 4175 921 4240 levare
935 4181 969 4236 et
991 4171 1086 4236 nobis
1101 4171 1177 4235 inde
1192 4169 1387 4254 respondere
1403 4170 1509 4250 debet,
1525 4181 1558 4236 et
