3812 5030
438 625 481 683 32
754 608 974 684 erasosroou
1001 637 1327 685 navaosuaroas'ss.

438 790 539 855 franci
554 789 651 876 plegii
665 789 716 856 bis
731 790 765 855 in
781 813 866 856 anno
890 791 988 856 modo
1003 791 1114 857 debito
1129 801 1163 857 et
1177 791 1262 857 sicut
1275 793 1378 857 facere
1400 802 1640 858 consueverunt

438 903 586 979 tempore
600 916 665 979 quo
680 893 824 980 predicte
838 894 914 960 ville
927 896 1059 960 fuerunt
1073 895 1105 959 in
1122 894 1272 959 manibus
1287 894 1455 979 Beringeri
1468 896 1498 960 le
1514 896 1639 982 Moyne

439 1006 474 1060 et
487 1006 727 1061 antecessorum
754 1019 898 1076 suorum,
914 1019 971 1084 per
985 999 1212 1063 racionabilem
1236 1007 1270 1063 et
1284 1007 1473 1063 consuetam
1496 1021 1640 1063 summo·

271 1098 597 1166 nemeweuc.nit10nem
623 1099 733 1166 ballivi
747 1101 894 1186 predicti.
941 1103 987 1166 Et
1010 1101 1148 1167 ballivus
1168 1102 1246 1166 dicti
1270 1101 1397 1166 abbatis
1421 1101 1463 1167 de
1489 1101 1638 1166 Ramesei

439 1203 566 1268 sedebit
580 1226 654 1268 cum
672 1203 792 1268 ballivo
812 1204 891 1269 dicti
905 1203 1032 1270 abbatis
1057 1204 1097 1271 de
1114 1206 1225 1289 Burgo
1247 1205 1289 1269 ad
1311 1203 1401 1268 visus
1417 1203 1590 1290 predictos,
1609 1204 1638 1267 si

436 1306 585 1386 voluerit,
610 1307 652 1371 ad
675 1308 897 1393 recipiendum
920 1318 1083 1373 extractas
1107 1308 1289 1373 medietatis
1315 1308 1462 1371 omnium
1485 1308 1638 1372 amercia-

437 1419 621 1475 mentorum
637 1433 695 1475 seu
710 1411 823 1476 finium
850 1421 907 1476 aut
921 1433 1199 1498 quorumcumque
1215 1410 1432 1496 proficuorum
1448 1411 1489 1476 de
1509 1411 1637 1476 villanis

435 1511 538 1598 ipsius
562 1513 687 1579 abbatis
713 1515 752 1580 de
771 1513 941 1580 Rameseia
964 1515 1222 1600 quibuscumque
1244 1515 1285 1580 de
1304 1514 1409 1579 causis
1424 1515 1458 1578 in
1484 1514 1637 1600 predictis

213 1610 423 1680 tfistnffiffl)
435 1617 519 1682 villis
534 1620 779 1704 emergentium,
794 1641 858 1704 que
879 1619 921 1683 ad
943 1619 1050 1684 visum
1076 1619 1177 1684 franci
1203 1618 1300 1704 plegii
1323 1617 1498 1704 pertinent,
1512 1624 1526 1699 l
1541 1617 1636 1682 salvis

433 1721 543 1787 abbati
567 1723 608 1787 de
634 1723 744 1808 Burgo
768 1721 948 1788 redditibus
972 1722 1125 1788 atrebas
1151 1723 1191 1787 ab
1217 1723 1351 1808 antiquo
1368 1722 1543 1800 arentatis3
1573 1743 1635 1806 que

432 1825 600 1905 medietas,
615 1826 775 1904 videlicet,
795 1825 1129 1903 amerciamentorum,
1154 1825 1217 1910 ipsi
1241 1823 1350 1888 abbati
1375 1824 1415 1889 de
1432 1825 1578 1888 Ramesei
1602 1837 1636 1890 et

430 1929 672 1994 successoribus
699 1929 767 1992 suis
796 1927 977 1993 remanebit
1005 1927 1039 1991 in
1067 1938 1272 2013 perpetuum,
1298 1928 1456 1992 etaltera
1479 1928 1633 1992 medietas

430 2032 578 2117 predicto
602 2031 712 2096 abbati
736 2031 777 2095 de
800 2031 910 2116 Burgo
925 2041 959 2094 et
974 2030 1216 2095 successoribus
1237 2031 1304 2094 suis
1318 2030 1498 2095 remanebit
1512 2031 1546 2094 in
1562 2053 1633 2115 per-

431 2143 579 2220 petuum.
623 2135 694 2200 Nec
708 2133 842 2199 habebit
853 2133 990 2198 ballivus
1006 2133 1141 2219 predicti
1165 2133 1291 2197 abbatis
1312 2134 1352 2197 de
1375 2134 1524 2198 Ramesei
1538 2134 1633 2197 aliam

428 2237 686 2323 jurisdictionem
707 2258 803 2322 quam
830 2235 869 2300 ad
896 2235 1116 2321 recipiendum
1143 2251 1175 2300 et
1197 2235 1370 2300 levandum
1395 2235 1556 2321 predictas
1578 2257 1633 2302 ex-

432 2351 550 2406 tractas
566 2340 748 2405 medietatis
765 2339 918 2425 predicte.
945 2361 1006 2404 nec
1020 2347 1154 2425 propter
1168 2340 1240 2425 ejus
1264 2339 1444 2404 absentiam
1466 2339 1635 2404 omittetur

430 2467 496 2530 quo
511 2445 619 2510 minus
633 2444 770 2509 ballivus
785 2443 921 2530 predicti
933 2443 1059 2508 abbatis
1075 2443 1115 2508 de
1132 2443 1241 2528 Burgo
1256 2444 1353 2508 saciat
1367 2443 1510 2507 officium
1525 2465 1632 2506 suum.

431 2548 477 2612 Et
492 2549 580 2612 salva
601 2549 725 2634 integra
740 2548 807 2611 sint
821 2546 926 2611 eidem
942 2546 1051 2611 abbati
1067 2545 1108 2610 de
1132 2546 1242 2632 Burgo
1257 2546 1516 2625 amerciamenta,
1538 2547 1631 2624 fines,

429 2659 464 2714 et
491 2651 635 2734 proficua
659 2648 883 2736 provenientia
898 2649 938 2713 de
963 2647 1073 2712 liberis
1097 2647 1284 2712 hominibus
1309 2649 1412 2733 ipsius
1442 2647 1567 2713 abbatis
1591 2649 1632 2713 de

430 2751 601 2816 Rameseia
621 2751 662 2814 ad
687 2751 779 2816 visus
805 2749 980 2834 predictos.
1036 2750 1082 2813 Et
1106 2750 1254 2814 similiter
1282 2751 1408 2836 integra
1436 2751 1477 2815 da
1505 2751 1632 2815 villanis

428 2855 531 2941 ipsius
555 2853 680 2919 abbatis
705 2853 745 2919 de
761 2853 911 2918 Ramesei
926 2853 966 2918 de
990 2853 1157 2918 forinsecis
1182 2854 1490 2940 transgressionibus
1506 2875 1568 2939 que
1590 2854 1631 2917 ad

428 2959 535 3024 visum
558 2959 658 3023 franci
684 2957 781 3043 plegii
806 2956 979 3040 pertinent.
1022 2955 1295 3021 Amerciabuntur
1319 2957 1416 3021 etiam
1435 2957 1544 3021 villani
1559 2978 1631 3042 pre·

420 3050 507 3127 ¹dieti
522 3061 649 3127 abbatis
665 3061 705 3127 de
721 3060 871 3125 Ramesei
893 3081 951 3145 per
972 3081 1067 3145 pares
1091 3080 1169 3123 suos
1192 3059 1403 3146 proximiores
1418 3059 1629 3145 predictaram

291 3173 418 3238 negarim
429 3175 464 3232 et
478 3167 654 3250 vicinarum
670 3165 828 3231 villamm.
875 3161 1020 3228 Habebit
1034 3163 1132 3228 etiam
1155 3163 1320 3250 predictus
1344 3163 1442 3228 abbas
1465 3164 1505 3228 de
1521 3165 1630 3248 Burgo

428 3279 462 3336 et
487 3291 688 3334 successores
713 3269 764 3333 sui
788 3267 987 3353 regalitatem
1014 3288 1107 3330 suam
1130 3265 1288 3352 integram
1312 3267 1345 3330 in
1370 3267 1524 3352 predictis
1545 3267 1630 3330 villis

427 3395 502 3438 oum
515 3371 698 3437 redditibus
713 3381 747 3436 et
761 3371 858 3436 rebus
874 3369 1041 3449 arentatis,
1061 3370 1107 3434 ita
1121 3369 1217 3455 plene
1233 3369 1401 3455 sicutipse
1416 3380 1449 3434 et
1463 3370 1630 3456 predeces·
1674 3405 1680 3414 ·

428 3497 517 3540 sores
532 3476 583 3539 sui
606 3475 725 3539 habere
748 3483 989 3538 consueverunt
1012 3472 1215 3558 temporibus
1239 3473 1373 3558 predicti
1399 3474 1572 3559 Berengeri
1596 3483 1630 3538 et

427 3578 690 3664 predecessorum
716 3598 861 3656 suorum,
885 3575 981 3640 salvis
1006 3575 1116 3640 abbati
1140 3576 1180 3640 de
1196 3576 1347 3642 Ramesai
1366 3577 1629 3642 concessionibus

426 3680 590 3768 predictis.
636 3679 807 3745 Concessit
820 3680 918 3744 etiam
938 3679 1024 3743 idem
1039 3677 1139 3743 abbas
1162 3680 1202 3744 de
1226 3681 1374 3745 Ramesei
1385 3703 1444 3766 pro
1460 3703 1494 3745 se
1510 3691 1543 3746 et
1558 3703 1630 3745 suc-

427 3783 610 3850 cessoribus
636 3785 703 3848 suis
727 3783 814 3868 quod
840 3793 1018 3848 mercatum
1043 3782 1185 3848 levatum
1210 3784 1296 3870 apud
1322 3785 1520 3850 Bernewelle
1552 3807 1628 3848 cum

425 3889 552 3974 pillorio
567 3898 601 3952 et
615 3887 806 3952 tumberello
822 3897 1045 3970 prosternatur
1059 3885 1309 3972 imperpetuum.
1344 3887 1516 3952 Concessit
1530 3889 1628 3953 etiam

425 3993 512 4057 idem
528 3991 627 4056 abbas
643 3991 684 4055 de
700 3991 810 4076 Burgo
822 4012 881 4076 pro
898 4012 932 4054 se
947 4000 981 4054 et
1004 3989 1245 4055 successoribus
1271 3991 1338 4055 suis
1361 4001 1395 4055 et
1413 3991 1546 4056 ecclesia
1569 4014 1628 4054 sua

426 4096 467 4161 de
483 4096 603 4180 Burgo‚
619 4103 776 4180 quantum
793 4092 827 4156 in
848 4092 927 4177 ipsis
951 4102 1013 4172 est,
1029 4093 1116 4176 quod
1132 4093 1297 4177 predictus
1313 4093 1413 4158 abbas
1429 4093 1469 4157 de
1483 4094 1632 4157 Ramesei

257 4210 412 4272 drungaae·
426 4199 530 4266 levare
545 4198 651 4285 possit
673 4219 773 4261 unum
791 4205 965 4260 mercatum
993 4195 1079 4280 apud
1095 4194 1326 4281 Aylingtonam
1349 4217 1406 4281 per
1432 4193 1517 4261 diem
1534 4196 1628 4260 Luna
