3812 5030
605 677 817 724 cusonrcou
836 680 1162 728 rurnouunuunse.
1445 671 1485 728 25

282 845 343 888 nos
373 845 447 911 erga
472 826 640 894 dominum
669 851 777 915 regem
807 853 905 917 super
934 832 1069 898 servicio
1095 833 1184 919 quod
1213 855 1232 897 e
1261 833 1356 900 nobis
1385 835 1487 920 exigit

41 909 118 974 (Μ
129 914 267 980 herrm)
279 925 404 992 faciatis
418 927 622 1015 indempnes,
630 941 729 1015 prout
742 933 932 998 tenemini.'’
976 935 1044 1016 Et}
1059 935 1093 999 in
1106 935 1169 999 hiis
1181 946 1394 1000 recesserunt.
1440 938 1486 1000 Et

278 1030 319 1093 ud
342 1028 427 1094 diem
443 1030 489 1094 eis
512 1031 670 1116 prefixum
688 1057 792 1118 neque
812 1048 972 1103 venerunt
987 1060 1091 1123 neque
1106 1037 1274 1102 miserunt.
1320 1040 1484 1104 Dominus
1544 1057 1546 1062 '

277 1129 377 1196 abbas
407 1133 497 1198 misit
527 1137 741 1212 senescallum
766 1160 862 1204 suum
894 1149 928 1206 et
953 1139 1149 1206 monachum
1174 1162 1290 1219 unum,
1313 1142 1368 1225 qui
1390 1145 1484 1207 iece-

276 1244 354 1298 runt
376 1235 475 1301 finem
499 1259 558 1322 pro
582 1239 719 1304 servicio
745 1240 888 1327 quinque
913 1242 1052 1308 militum
1080 1264 1140 1329 pro
1157 1243 1225 1308 ccl.
1257 1244 1382 1309 mercis.
1436 1245 1483 1309 Et

276 1336 377 1424 quieti
391 1350 604 1421 recesserunt,
626 1351 793 1426 portantes
817 1343 926 1408 literas
951 1343 1160 1430 equitatorias
1184 1354 1335 1429 patentes
1358 1347 1483 1412 domini

275 1441 377 1526 regis3
400 1453 434 1508 et
455 1443 565 1530 regina
593 1443 708 1510 habuit
731 1467 890 1530 procuro
914 1469 975 1512 suo
991 1469 1066 1511 xxv.
1090 1469 1226 1526 marcas,
1241 1451 1384 1534 exceptis
1409 1450 1480 1514 aliis

276 1565 440 1630 expensrs.

275 1772 378 1837 copus
398 1751 621 1818 visitationem
643 1753 696 1820 hic
718 1755 819 1820 intus.
865 1755 932 1824 Qui
958 1756 1067 1820 omnia
1092 1756 1261 1820 inveniens
1285 1757 1422 1821 honesta
1445 1769 1479 1823 et

275 1855 336 1920 rite
360 1865 430 1920 octe
452 1855 662 1922 amicabiliter
690 1859 815 1944 peregit
843 1860 987 1925 officium
1015 1883 1123 1926 suurn.
1184 1861 1259 1925 Hoc
1290 1883 1376 1925 anno
1398 1863 1477 1926 emit

274 1958 427 2024 dominus
450 1958 549 2024 abbas
575 1961 753 2026 manerium
779 1963 820 2027 de
836 1963 1029 2050 Genethorp
1053 1985 1112 2048 pro
1136 1963 1319 2050 quingentis
1335 1973 1368 2029 et
1383 1965 1477 2050 quin·

273 2062 427 2148 quaginta
452 2065 577 2130 marcis.
637 2064 677 2130 ln
707 2087 772 2152 quo
800 2065 899 2131 habet
928 2077 1108 2132 conventus
1138 2090 1282 2133 annuum
1312 2068 1476 2133 redditum

274 2165 384 2232 decem
401 2189 590 2248 morcarum,
605 2167 680 2254 quie
694 2180 917 2256 apposuerunt
937 2171 977 2236 de
993 2193 1052 2236 suo
1075 2171 1115 2236 ad
1136 2171 1336 2238 solucionem
1356 2172 1475 2237 facien-

272 2267 347 2334 dam
363 2279 494 2334 centum
510 2280 544 2334 et
557 2269 670 2355 viginti
686 2271 828 2357 quinque
843 2295 977 2338 merces.

317 2370 392 2436 Hoc
403 2393 489 2435 enno
504 2370 537 2434 in
554 2371 638 2436 festo
655 2373 758 2437 sancti
773 2373 910 2438 Martini
933 2374 1007 2438 tulis
1027 2395 1092 2458 pax
1107 2375 1191 2438 lectu
1205 2383 1256 2438 est
1269 2373 1354 2438 inter
1371 2374 1475 2437 domi·

273 2492 351 2534 num
367 2493 474 2560 regern
490 2481 524 2538 et
538 2473 736 2538 Lewelinum
746 2474 926 2560 principem
942 2475 1059 2554 Wollie
1071 2483 1147 2560 post
1162 2475 1282 2540 multos
1298 2475 1422 2539 labores
1433 2497 1474 2539 ex

272 2582 408 2660 utroque
423 2575 779 2661 parte,videlicetquod
789 2576 922 2642 domino
931 2576 998 2661 regi
1014 2576 1198 2641 Lewelinus
1212 2575 1382 2658 (concedit)
1395 2599 1473 2661 que·

271 2685 346 2742 tuor
358 2679 520 2766 Contrede
534 2679 568 2744 in
585 2680 731 2746 terminis
743 2690 776 2745 et
787 2679 907 2746 finibus
923 2680 1001 2761 suis,
1014 2681 1095 2746 odeo
1107 2681 1202 2766 plene
1214 2679 1298 2745 sicut
1311 2679 1474 2744 Henricus

270 2801 338 2863 rex,
349 2793 442 2870 poter
455 2785 538 2870 regis
554 2785 610 2869 qui
624 2807 712 2850 nunc
727 2795 788 2865 est,
803 2796 861 2851 aut
875 2786 945 2872 ipse
959 2807 1016 2850 rex
1031 2785 1212 2851 Edwardus
1228 2794 1400 2870 postquem
1415 2806 1472 2849 rex

269 2894 367 2966 esset,
382 2907 419 2950 ea
433 2909 577 2972 unquam
593 2887 709 2966 tenuit,
732 2909 798 2952 una
824 2911 900 2954 cum
924 2887 1075 2952 omnibus
1101 2887 1194 2952 terris
1218 2908 1377 2972 quaeres
1401 2909 1473 2972 sey-

268 2985 346 3050 sivit
361 2998 418 3051 out
432 2987 545 3074 seysiri
559 2988 636 3053 iecit
650 3011 669 3052 e
682 2989 842 3075 principio
865 3011 979 3074 guerre
1003 3010 1107 3074 usque
1127 2988 1246 3052 festum
1262 2989 1365 3052 sancti
1382 2988 1472 3051 Mar-

267 3087 340 3164 tini,
355 3087 461 3151 insule
475 3089 516 3152 de
528 3089 708 3173 Angleseye
723 3090 881 3154 duntaxat
892 3100 1036 3174 excepte,
1049 3090 1089 3153 de
1104 3111 1167 3173 que
1181 3089 1287 3152 insule
1302 3088 1347 3152 sic
1362 3099 1471 3154 actum

267 3198 319 3252 est
345 3189 432 3274 quod
452 3210 509 3252 rex
534 3190 683 3254 concedit
705 3190 811 3254 eidem
832 3190 996 3255 Lewelino
1017 3189 1202 3275 porcionem
1227 3189 1470 3274 contingentem

268 3289 377 3355 David
392 3289 498 3354 fratris
519 3290 597 3356 dicti
618 3289 825 3356 Leweliniad
840 3291 941 3356 vitem
957 3291 1036 3356 dicti
1056 3289 1223 3370 Leweliui,
1237 3312 1297 3375 pro
1317 3311 1380 3375 que
1395 3312 1472 3375 por·

266 3395 359 3459 cione
374 3393 464 3458 dabit
474 3415 531 3458 rex
546 3393 653 3460 David
668 3395 745 3460 alies
758 3403 857 3460 terras
868 3394 910 3460 ed
923 3393 1111 3474 volendum,
1127 3416 1190 3478 que
1204 3403 1406 3460 revertentur
1428 3395 1469 3460 ad

266 3519 373 3582 regem
399 3496 500 3560 altero
526 3497 623 3561 fratre
646 3507 785 3561 mortuo.
832 3495 997 3564 Quoniam
1018 3495 1045 3560 si
1061 3495 1245 3561 Lewelinus
1260 3495 1349 3580 prius
1365 3497 1469 3562 disce*

265 3603 331 3681 dot,
346 3600 499 3667 succedet
519 3601 548 3666 ei
564 3601 672 3667 David
696 3601 731 3666 in
748 3601 903 3686 porcione
922 3600 1031 3687 ipsum
1053 3602 1263 3686 contingente
1289 3601 1328 3666 de
1350 3601 1466 3665 insula.

234 3691 237 3698 ¹
265 3707 311 3770 Et
325 3716 409 3771 terre
432 3705 592 3791 assignate
616 3705 724 3770 David
745 3727 804 3789 per
826 3727 945 3791 regern,
969 3705 1010 3770 ad
1036 3727 1143 3791 regern
1165 3713 1377 3770 revertentur.
1422 3705 1468 3769 Et

265 3808 413 3873 similiter
435 3808 462 3872 si
477 3807 586 3872 David
609 3809 700 3891 prius
726 3807 861 3873 decedat
875 3829 971 3893 quern
987 3807 1183 3886 hezelinus,
1197 3817 1280 3872 terre
1305 3807 1467 3892 assignate

265 3934 323 3996 per
347 3934 465 3997 regem,
481 3913 521 3977 ad
544 3913 654 3999 ipsum
681 3934 789 3997 regern
812 3921 1023 3977 revertentur.
1070 3911 1249 3977 Residuum
1270 3933 1347 3976 vero
1362 3912 1467 3976 insule

264 4013 414 4078 concedit
442 4035 499 4078 rex
528 4015 691 4080 Lewelino
720 4024 754 4081 et
781 4013 956 4079 heredibus
986 4014 1138 4079 omnibus
1169 4015 1209 4079 de
1238 4035 1372 4099 corpore
1406 4035 1465 4078 suo

266 4118 453 4202 procreetis,
477 4141 558 4203 quos
582 4120 699 4184 sinon
726 4118 885 4199 habuerit,
911 4119 952 4184 ad
978 4141 1085 4205 regern
1118 4119 1198 4184 illud
1222 4127 1400 4184 revertetur
1432 4129 1467 4182 et

267 4219 400 4284 heredes
427 4242 504 4285 suos
533 4231 610 4308 post
639 4230 777 4288 mortem
804 4221 969 4287 Lewelini.
1024 4222 1070 4285 Et
1105 4242 1165 4306 pro
1194 4221 1257 4284 isto
1286 4219 1392 4283 insule
1421 4218 1467 4280 sic

308 4341 423 4388 carro.
440 4342 513 4388 soc.
1271 4343 1292 4384 u
