3938 5022
410 605 453 664 66
730 621 943 668 canonicos
960 622 1285 670 nunnonunornss.

413 785 634 855 memoratam,
649 786 747 862 prout
762 775 1032 863 suprascriptum
1047 787 1108 842 est.
1154 777 1200 842 Et
1222 778 1318 843 liceat
1340 777 1386 842 eis
1409 776 1486 844 inde
1505 776 1609 842 facere

412 878 586 944 comodum
609 901 705 944 suum
735 879 1005 966 quandocumque
1025 889 1059 945 et
1082 881 1357 966 qualitercumque
1383 880 1446 946 sibi
1468 880 1611 947 viderint

413 981 529 1048 melius
544 982 706 1068 expedire,
721 982 791 1048 sine
811 981 927 1048 clamio
950 992 985 1048 et
1009 983 1269 1050 contradiccionc
1288 984 1450 1050 dictorum
1474 984 1610 1050 Roberti

413 1092 447 1148 et
475 1083 637 1150 Johaunis
666 1094 701 1150 et
727 1085 885 1152 heredum
925 1107 1058 1152 suorum
1096 1086 1348 1172 imperpetuum.
1413 1087 1504 1154 Dicti
1531 1109 1608 1154 vero

414 1187 577 1254 Robertus
592 1197 626 1254 et
639 1187 809 1254 Johannes
824 1199 858 1254 et
877 1210 991 1256 eorum
1008 1188 1144 1254 heredes
1162 1189 1323 1256 consimili
1344 1190 1443 1256 modo
1467 1190 1508 1255 de
1534 1211 1609 1275 por·

412 1289 561 1356 clunibus
588 1290 658 1358 suis
676 1291 829 1358 ordinent
852 1301 886 1358 et
910 1291 1040 1371 faciant,
1060 1292 1131 1358 sine
1156 1293 1272 1358 clamio
1293 1301 1328 1358 et
1352 1293 1610 1360 oontmdicoione

412 1393 576 1462 dictorum
595 1394 722 1460 abbatis
744 1405 779 1462 et
799 1404 981 1460 conventus
996 1395 1049 1460 vel
1074 1417 1298 1462 successorum
1324 1417 1457 1462 suorum
1482 1395 1517 1461 in
1539 1417 1612 1481 per·

356 1498 358 1502 ’
411 1505 559 1580 pecuum.
604 1496 640 1562 Si
650 1518 727 1564 vero
743 1497 857 1584 aliquis
873 1497 913 1564 de
927 1497 1027 1562 libere
1042 1497 1229 1563 tenentibus
1245 1497 1462 1583 predictorum
1473 1497 1610 1577 abbatis,

414 1599 560 1677 Roberti,
574 1609 609 1668 et
637 1601 812 1681 lobannis,
833 1611 946 1668 contra
973 1601 1136 1686 prefatum
1165 1610 1435 1687 appruamentum
1471 1601 1611 1687 aliquem

412 1705 643 1789 predictorum,
658 1727 881 1771 successorum
894 1705 947 1770 vel
960 1705 1117 1770 heredum
1133 1727 1246 1770 eorum
1261 1726 1392 1790 gravare
1418 1727 1478 1770 seu
1502 1706 1610 1791 aliquo

412 1819 559 1894 tempore
580 1810 780 1895 implacitare
793 1808 955 1888 voluerit3
977 1808 1056 1873 dicti
1070 1808 1170 1874 abbas
1182 1819 1215 1874 et
1226 1819 1419 1888 conventus,
1436 1808 1612 1890 Robertus,

413 1921 448 1975 et
461 1911 643 1990 Johannes,
657 1911 774 1976 volunt
798 1920 832 1975 et
856 1910 1001 1995 obligant
1026 1933 1073 1990 se,
1087 1933 1290 1976 successores
1315 1921 1350 1976 et
1373 1912 1509 1978 heredes
1535 1934 1611 1978 suos

414 2011 502 2096 quod
515 2011 680 2076 ‚dominus
698 2011 803 2095 ipsius
823 2011 1051 2095 conquerentis
1076 2011 1182 2076 eidem
1207 2011 1381 2078 satisfaciat
1399 2021 1434 2076 et
1457 2012 1538 2080 alios
1562 2013 1612 2076 in-

415 2114 572 2199 dempnes
587 2123 768 2180 conservet.
813 2113 865 2180 Ita
879 2115 967 2200 quod
982 2124 1198 2180 memoratum
1219 2124 1490 2201 appruamentum
1504 2126 1611 2182 ratum

413 2227 447 2284 et
469 2216 584 2282 stabile
610 2226 740 2282 maneat
761 2216 1003 2303 inperpetuum.
1048 2217 1250 2284 Concessum
1273 2227 1324 2282 est
1346 2219 1444 2284 etiam
1467 2242 1526 2305 per
1540 2243 1612 2306 pre-

413 2321 519 2387 dictos
541 2320 693 2386 abbatem
713 2329 748 2386 et
772 2330 981 2401 conventum,
998 2319 1189 2402 Robertum,
1204 2330 1238 2386 et
1260 2320 1458 2402 labeonem,
1472 2333 1506 2390 et
1528 2325 1613 2390 inter

411 2427 503 2511 ipsos
532 2434 742 2504 conventum,
765 2424 853 2509 quod
881 2423 978 2490 liceat
1002 2423 1084 2510 ipsis
1109 2424 1263 2490 omnibus
1289 2434 1323 2490 et
1348 2425 1484 2511 singulis
1509 2428 1612 2494 lacere

411 2538 684 2615 appruamentum
699 2528 733 2592 in
748 2535 882 2612 pastore
892 2527 933 2594 de
948 2527 983 2592 N
984 2527 1137 2594 orthcher
1146 2528 1232 2594 inter
1245 2526 1403 2594 calcetum
1418 2529 1459 2594 de
1471 2529 1614 2594 Surswet

411 2641 446 2696 et
471 2631 609 2695 divisam
633 2630 720 2694 inter
749 2628 923 2694 moriscum
946 2630 988 2694 de
1014 2629 1147 2696 Scotere
1163 2640 1198 2695 et
1213 2630 1450 2714 Messingham,
1467 2631 1613 2714 quando·

411 2755 550 2818 cumque
574 2740 609 2796 et
633 2730 909 2816 qualitercumque
922 2730 1097 2811 voluerint,
1112 2731 1182 2797 sine
1207 2731 1324 2798 clemio
1348 2753 1407 2797 seu
1432 2731 1613 2796 contradic-

412 2837 505 2902 cione
527 2834 663 2920 alicujus
685 2832 917 2919 predictorum.
962 2834 1015 2898 Ita
1035 2843 1146 2900 tamen
1160 2834 1249 2920 quod
1264 2833 1343 2900 dicti
1364 2833 1465 2898 ebbss
1487 2844 1521 2900 et
1535 2857 1613 2900 con·

411 2949 530 3005 ventus
553 2937 695 3003 habeant
716 2935 924 3003 medietatem
946 2935 1051 3003 tocius
1072 2937 1151 3004 dicti
1176 2937 1403 3023 eppruamenti
1422 2937 1463 3004 de
1488 2938 1613 3004 North-

412 3043 500 3123 cher,
524 3051 558 3108 et
583 3041 662 3106 dicti
692 3038 856 3104 Robertus
881 3047 916 3106 et
943 3040 1114 3107 Johunnes
1143 3040 1277 3106 alteram
1306 3039 1525 3108 medietatem.
1569 3041 1614 3106 Et

414 3146 584 3210 sciendum
609 3143 699 3229 quod
723 3141 894 3208 lohannes
922 3143 954 3210 le
982 3143 1104 3231 Tuylur
1126 3144 1167 3210 de
1197 3141 1284 3208 dicto
1308 3153 1544 3228 appruamento
1573 3145 1614 3210 de

415 3248 603 3314 Northcher
621 3246 722 3313 nichil
733 3245 774 3312 de
785 3246 996 3331 porcionibus
1010 3246 1138 3313 abbatis
1162 3255 1197 3314 et
1216 3245 1351 3312 Roberti
1374 3245 1540 3331 percipiet,
1557 3247 1614 3314 sed

415 3363 546 3418 tantum
570 3351 704 3416 terciam
735 3359 862 3433 purtem
893 3349 1078 3416 medietatis
1103 3371 1204 3434 penes
1234 3348 1340 3414 dictos
1370 3347 1551 3414 Robertum
1580 3360 1615 3414 et

415 3456 439 3520 J
440 3455 602 3519 ohannem
616 3451 813 3518 remanentis
827 3449 972 3516 habebit.
1016 3451 1069 3516 lta
1083 3451 1171 3536 quod
1184 3450 1240 3514 ille
1253 3450 1354 3514 tercia
1367 3470 1443 3534 pars
1465 3449 1509 3513 sit
1529 3449 1615 3516 inter

415 3555 604 3640 porcionem
619 3551 698 3618 dicti
712 3550 839 3617 abbatis
853 3559 888 3616 et
902 3551 1090 3636 porcionem
1105 3551 1183 3617 dicti
1199 3550 1345 3615 Roberti.

196 3689 249 3736 noo
259 3701 333 3737 enno.
460 3656 502 3720 In
516 3657 600 3721 festo
623 3653 726 3720 sancti
747 3652 907 3739 Botulphi
921 3651 1094 3739 episcopus
1110 3650 1281 3716 Lincolnie
1301 3649 1379 3716 fecit
1392 3649 1614 3718 visitacionem

416 3781 509 3825 suam
524 3758 611 3844 apud
626 3757 783 3842 Burgum.

192 3879 251 3948 (fot.
261 3881 319 3930 eei.
332 3877 379 3943 o.)
459 3868 473 3942 l
481 3862 580 3925 Anno
594 3856 731 3922 Domini
746 3855 864 3922 M⁰cc⁰
878 3854 1076 3942 octogesimo
1091 3863 1215 3940 quarto.

461 3965 537 4030 Hoc
551 3983 637 4027 anno
652 3959 861 4025 terminatum
878 3968 930 4024 est
950 3957 1106 4044 placitum
1120 3966 1234 4022 contra
1252 3955 1404 4023 homines
1429 3957 1470 4023 de
1485 3957 1615 4028 Undele

415 4069 457 4135 de
470 4067 577 4146 molis,
592 4086 673 4150 quas
687 4062 806 4128 habere
826 4059 1092 4148 calumpniabant
1114 4059 1312 4148 singillatim.
1357 4060 1461 4150 Cujus
1483 4063 1614 4149 quidem

414 4171 524 4258 placiti
538 4189 711 4258 processus
726 4165 800 4232 tulis
815 4175 887 4232 est:
