3938 5022
400 559 461 618 104
717 575 932 622 osnorvroon
949 575 1279 621 eurnoauncsusu.

407 724 658 791 summonitores
683 747 797 791 omnes
818 727 892 792 illos
915 727 971 814 qui
995 725 1201 793 vicecomites
1223 727 1355 791 fuerunt
1369 733 1445 810 post
1459 725 1605 792 ultimam

405 825 647 892 itineracionem
669 829 921 916 justiciariorum
936 829 1132 915 inpartibus
1153 829 1228 908 illis,
1251 828 1339 914 quod
1354 837 1434 892 tunc
1456 828 1523 892 sint
1543 829 1605 894 ibi·

405 927 480 992 dem
496 951 604 993 coram
625 931 758 1014 prefatis
777 931 966 1016 justiciariis
980 931 1113 1008 nostris,
1128 952 1204 995 cum
1227 927 1379 993 brevibus
1396 937 1430 993 et
1445 931 1556 994 assisis
1571 941 1605 996 et

404 1028 531 1112 placitis
547 1053 609 1115 que
624 1041 770 1118 tempore
786 1054 846 1097 suo
860 1040 1052 1117 receperunt
1066 1031 1108 1095 ad
1123 1029 1387 1115 respondendum
1403 1030 1443 1094 de
1458 1039 1604 1117 tempore

405 1153 476 1212 suo,
486 1133 570 1198 siout
583 1136 779 1220 respondere
790 1135 911 1200 debent
922 1157 1029 1199 coram
1041 1133 1228 1219 justiciariis
1243 1133 1481 1198 itinerantibus.
1527 1137 1603 1200 Pre-

403 1236 541 1321 cipimus
563 1237 660 1302 etiam
676 1237 736 1303 tibi
758 1239 845 1324 quod
872 1260 930 1323 per
955 1246 1059 1302 totam
1082 1235 1233 1300 ballivum
1257 1247 1358 1315 tuam,
1372 1237 1522 1302 videlicet
1535 1249 1602 1302 tam

401 1338 436 1402 in
451 1339 635 1404 civitatibus
651 1349 684 1405 et
709 1340 820 1426 burgis
842 1363 939 1426 quam
959 1340 995 1403 in
1008 1339 1094 1404 villis
1116 1339 1316 1404 mercator-iis
1331 1349 1365 1403 et
1379 1339 1456 1404 alibi
1477 1341 1602 1425 procle-

401 1443 482 1506 mari
496 1443 600 1509 facitis
616 1445 704 1530 quod
719 1467 833 1509 omnes
848 1445 904 1523 illi,
916 1444 971 1528 qui
985 1443 1151 1508 libertates
1166 1442 1289 1527 aliquas
1301 1463 1359 1526 per
1369 1452 1472 1506 cartas
1487 1445 1601 1528 prede-

401 1567 566 1612 cessorum
581 1557 766 1612 nostrorum
782 1549 908 1633 Regum
923 1546 1039 1632 Anglie
1053 1546 1106 1611 vel
1125 1545 1188 1610 alio
1204 1546 1302 1610 modo
1317 1545 1435 1610 habere
1450 1547 1601 1628 clamant,

402 1649 469 1713 sint
483 1673 589 1715 coram
605 1651 738 1736 prefatis
753 1650 904 1715 fidelibus
919 1649 1039 1714 nostris
1056 1650 1095 1712 ari
1107 1649 1193 1712 diem
1208 1653 1222 1728 l
1231 1647 1474 1732 predictum‚ed
1490 1661 1601 1715 osten·

401 1751 479 1814 dum
503 1753 686 1836 cujusmodi
705 1751 869 1816 libertates
892 1749 1010 1814 habere
1034 1751 1185 1827 clamant,
1201 1757 1235 1812 et
1256 1771 1321 1833 quo
1343 1759 1496 1830 umento,
1512 1761 1545 1816 et
1562 1762 1599 1816 tu

398 1853 469 1939 ipse
483 1855 604 1920 ibidem
620 1855 665 1918 sis
684 1855 897 1939 personaliter
911 1875 977 1917 una
998 1875 1073 1918 cum
1087 1851 1214 1916 ballivis
1234 1861 1268 1915 et
1289 1851 1447 1917 ministris
1469 1855 1535 1918 tuis
1557 1855 1598 1920 ad

397 1958 637 2024 certiorendum
658 1959 748 2043 ipsos
763 1957 876 2021 fideles
891 1965 1021 2020 nostros
1037 1955 1212 2040 superbiis
1227 1964 1261 2019 et
1275 1955 1346 2019 aliis
1360 1957 1503 2042 negociis
1517 1959 1598 2023 illud

397 2061 616 2148 tangentibus.
672 2059 872 2146 Precipimus
902 2059 1000 2123 etiam
1040 2057 1101 2122 tibi
1130 2058 1219 2143 quod
1247 2059 1376 2143 puplice
1406 2060 1597 2145 proclamari

395 2163 501 2228 facitis
521 2162 613 2248 quod
635 2183 749 2227 omnes
772 2169 1007 2247 conquerentes
1031 2181 1088 2224 seu
1113 2159 1267 2246 conqueri
1292 2161 1449 2240 volentes,
1464 2171 1531 2226 tam
1555 2163 1596 2227 de

394 2266 521 2332 ballivis
537 2276 571 2331 et
585 2265 742 2330 ministris
758 2265 894 2329 aliorum
917 2274 951 2329 et
972 2263 1043 2328 aliis
1057 2262 1326 2348 quibuscumque,
1340 2264 1474 2329 veniant
1488 2286 1596 2330 coram

395 2369 491 2434 dictis
506 2367 657 2433 fidelibus
673 2366 793 2432 nostris
815 2367 856 2430 ad
877 2366 1041 2451 predictos
1057 2365 1143 2428 diem
1169 2373 1203 2428 et
1225 2363 1345 2444 locum,
1360 2365 1401 2429 ad
1425 2387 1596 2450 quascum-

394 2494 457 2556 que
472 2469 689 2556 querimonias
711 2469 833 2533 ibidem
855 2467 1084 2546 ostendendas,
1100 2476 1134 2530 et
1148 2467 1189 2530 ad
1204 2477 1426 2551 competentes
1442 2469 1595 2533 emendas

392 2575 469 2638 inde
484 2573 684 2657 recipiendas
704 2571 884 2635 secundum
906 2571 1011 2654 legem
1034 2578 1068 2632 et
1089 2570 1358 2633 consuetudinem
1375 2571 1465 2654 regni
1479 2575 1595 2651 nostri,

394 2687 428 2742 et
438 2676 534 2760 juxte
548 2673 788 2738 ordinacionem
804 2681 948 2735 nostram
963 2692 1022 2756 per
1035 2691 1096 2733 nos
1111 2669 1187 2734 inde
1203 2673 1320 2734 factam
1336 2680 1369 2734 et
1390 2673 1487 2755 juxta
1502 2683 1594 2737 teno-

393 2800 462 2844 rem
479 2784 674 2842 statutorum
689 2783 875 2840 nostrorum
897 2783 931 2837 et
941 2774 1037 2858 juxta
1051 2771 1204 2836 articulos
1220 2771 1341 2836 eisdem
1357 2772 1506 2838 fidelibus
1517 2797 1594 2840 nos-

393 2881 452 2948 tris
466 2881 543 2945 inde
557 2879 705 2958 traditos,
727 2886 762 2942 et
786 2885 885 2963 prout
904 2875 1042 2962 predicti
1056 2873 1168 2938 fideles
1184 2875 1288 2938 nostri
1302 2875 1363 2940 tibi
1379 2877 1460 2942 scire
1474 2878 1594 2943 faciant

392 3006 433 3049 ex
462 2991 554 3070 perte
580 2989 702 3046 nostre.
746 2978 792 3042 Et
816 2976 937 3043 habeas
959 2975 1006 3041 ibi
1030 2976 1307 3042 summoniciones
1336 2987 1371 3044 et
1395 2979 1458 3044 hoc
1483 2978 1591 3046 breve.

390 3087 489 3151 Teste
515 3085 639 3170 meipso
663 3081 751 3170 apud
773 3079 990 3159 Wolvemere,
1014 3079 1110 3145 tertio
1140 3079 1193 3144 die
1217 3081 1369 3167 Augusti,
1391 3103 1478 3148 enno
1501 3084 1593 3170 regni

390 3188 495 3254 nostri
509 3188 590 3253 xiiit

433 3293 486 3356 De
502 3289 647 3376 scutagio
661 3311 829 3356 concesso.

435 3392 510 3456 Hoc
532 3413 617 3455 anno
642 3391 677 3455 in
699 3392 919 3476 parleamento
942 3389 1129 3474 supradicto
1159 3389 1320 3453 concessit
1342 3387 1495 3453 dominus
1518 3389 1590 3454 Rex

390 3495 580 3580 scutagium,
596 3505 630 3558 et
644 3495 755 3578 posuit
769 3503 898 3557 scutum
913 3492 954 3556 ad
969 3491 1015 3555 xl.
1031 3491 1164 3556 solidos.

431 3599 540 3662 Terror
553 3596 660 3661 brevis
675 3595 715 3660 de
730 3594 874 3678 scutagio
889 3593 962 3658 talis
977 3603 1028 3656 est
1039 3616 1093 3656 2-

432 3700 611 3764 Edvardus
626 3697 690 3762 Dei
704 3697 806 3782 gratie
815 3698 886 3760 Rex
897 3695 1033 3779 Anglire,
1045 3705 1106 3760 etc.
1121 3695 1303 3760 vicecomiti
1318 3694 1488 3762 Lincolnie
1503 3697 1589 3762 salu·

387 3812 465 3869 tem.
510 3801 596 3868 Quia
611 3801 746 3865 dilectus
762 3799 857 3863 nobis
871 3799 906 3862 in
923 3797 1054 3863 Christo
1069 3796 1169 3862 abbas
1192 3797 1233 3862 de
1249 3799 1357 3883 Burgo
1382 3800 1485 3864 sancti
1503 3801 1589 3865 Petri

385 3906 463 3972 iecit
486 3905 586 3969 finem
607 3902 778 3968 nobiscum
797 3923 857 3987 pro
873 3899 1007 3965 servicio
1023 3921 1082 3964 suo
1105 3901 1146 3964 de
1161 3901 1303 3966 exercitu
1325 3912 1437 3966 nostro
1457 3901 1588 3984 wallis,

386 4031 472 4074 anno
495 4006 585 4093 regni
609 4006 713 4070 nostri
728 4008 780 4083 ¹⁰3
805 4003 868 4069 tibi
892 4001 1089 4090 precipimus
1104 4003 1194 4088 quod
1216 4003 1321 4068 eidem
1336 4004 1446 4070 abbati
1468 4005 1587 4078 habere

386 4111 483 4176 iacias
508 4107 688 4194 scutagium
714 4128 811 4172 suum
836 4105 877 4170 de
899 4104 1004 4170 feodis
1029 4103 1168 4169 militum
1192 4127 1254 4191 que
1269 4105 1309 4171 de
1324 4127 1363 4172 eo
1378 4115 1531 4172 tenentur
1552 4107 1586 4172 in

386 4213 504 4280 bellive
518 4221 585 4289 tus,
607 4209 758 4277 videlicet
774 4209 818 4275 xl.
834 4207 956 4275 solidos
977 4207 1017 4273 de
1035 4216 1128 4273 scuto
1142 4227 1202 4293 pro
1218 4209 1361 4275 exercitu
1383 4219 1495 4275 nostro
1512 4230 1586 4293 pre-
