3938 5022
681 636 892 682 OERONlcON
910 638 1236 682 aaraoauacaxse.
1520 625 1560 694 73

134 787 202 852 (s⁰1·
215 790 287 839 “⁶³-
299 789 346 856 ro·)
361 787 466 852 sancti
476 787 500 852 J
501 789 638 854 ohannis
650 790 810 874 Baptiste,
825 811 912 854 anno
928 789 983 853 xi⁰.
994 796 1008 870 l
1018 789 1059 853 ad
1071 812 1168 876 quem
1181 791 1267 854 diem
1278 791 1415 878 predicti
1427 791 1563 856 Mobilis

360 898 395 953 et
417 889 493 954 Yvo
506 891 652 954 lecerunt
677 891 840 969 defaltam,
866 900 900 954 et
915 891 1015 955 exivit
1029 891 1128 955 breve
1143 892 1231 976 quod
1246 892 1371 977 incipit,
1399 894 1488 957 Pone
1503 914 1561 977 per

360 991 454 1054 radia
480 1001 513 1056 et
539 991 645 1056 salvos
668 992 804 1078 plegios,
820 1001 882 1056 etc.
905 992 993 1077 quod
1017 992 1084 1056 sint
1098 1013 1206 1057 coram
1229 994 1417 1078 justiciariis
1439 993 1561 1058 nostris

360 1095 447 1178 apud
472 1095 801 1160 Westmonasterium
824 1095 857 1158 in
887 1095 1029 1159 crastino
1058 1095 1261 1172 Animarum,
1291 1119 1377 1160 anno
1407 1096 1462 1161 xi⁰.
1482 1096 1562 1160 inci·

359 1197 469 1281 pionte
483 1198 549 1262 xiie
564 1199 605 1262 ad
621 1221 717 1284 quem
734 1199 820 1263 diem
834 1198 972 1282 predicti
987 1197 1124 1262 Mabilia
1146 1208 1180 1263 et
1194 1199 1268 1264 Yvo
1283 1201 1429 1264 fecerunt
1442 1201 1561 1264 iterum

360 1298 523 1380 defaltam,
547 1311 581 1364 et
604 1302 790 1366 habuerunt
813 1301 899 1364 diem
923 1301 958 1366 in
985 1301 1109 1366 octabis
1136 1303 1239 1366 sancti
1262 1302 1372 1380 Illarii,
1392 1305 1432 1368 ad
1463 1323 1559 1388 quem

359 1402 443 1467 diem
474 1406 611 1490 predicti
642 1406 778 1471 Mabilia
807 1415 841 1470 et
866 1406 941 1471 Yro
970 1407 1117 1471 fecerunt
1143 1406 1306 1485 defaltam,
1321 1420 1354 1470 et
1375 1405 1560 1469 habuerunt

359 1504 479 1570 diema
504 1507 556 1570 die
572 1508 695 1572 Pasche
721 1507 756 1572 in
782 1530 835 1572 xv.
851 1507 931 1588 dies,
954 1508 1124 1592 perbreve
1147 1509 1233 1594 quod
1250 1509 1296 1572 sic
1320 1508 1446 1593 incipit,
1470 1509 1559 1572 Pone

360 1610 528 1692 pervadis
550 1621 584 1675 et
608 1612 714 1675 salros
739 1611 875 1696 plegios,
898 1620 960 1675 etc.
1005 1611 1051 1674 Et
1076 1621 1155 1675 tunc
1180 1611 1221 1674 ad
1243 1611 1434 1675 instanciam
1457 1611 1561 1675 archi-

362 1711 489 1776 diaconi
515 1713 751 1778 Norhamtonie
775 1713 871 1798 petiit
894 1711 994 1777 abbas
1017 1713 1184 1778 licenciam
1210 1713 1381 1779 recedendi
1403 1714 1443 1778 de
1469 1712 1560 1778 brevi

362 1834 422 1876 suo
438 1822 472 1877 et
486 1813 611 1877 habuit.

405 1916 648 2002 Transcriptum
665 1915 784 1981 Warde
801 1916 940 1981 Galfridi
955 1916 1013 1981 filii
1028 1926 1062 1981 et
1075 1918 1203 1982 heredis
1219 1919 1344 1983 domini
1368 1919 1456 1984 Petri
1474 1920 1515 1984 de
1528 1918 1560 1982 la

363 2020 468 2099 Mare,
483 2042 545 2105 que
564 2020 696 2084 vendita
710 2021 773 2084 luit
787 2017 921 2084 domino
943 2019 1090 2085 Galfrido
1106 2021 1146 2085 de
1166 2021 1321 2108 Suthorp,
1336 2045 1422 2088 anno
1437 2021 1561 2087 domini

360 2125 512 2188 Edwardi
539 2123 636 2208 Regis
654 2124 722 2188 .xi⁰.
745 2123 898 2188 videlicet
920 2146 1006 2188 anno
1026 2124 1223 2209 precedenti,
1244 2136 1283 2189 ut
1305 2135 1396 2212 patet
1417 2127 1451 2191 in
1472 2127 1561 2190 hunc

361 2227 493 2290 modum
505 2250 559 2289 :-

404 2331 476 2394 Hec
491 2338 542 2394 est
556 2329 734 2394 convencio
750 2330 834 2394 facta
849 2329 902 2392 die
916 2327 1054 2393 Veneris
1070 2329 1217 2414 proxima
1231 2341 1308 2416 post
1322 2333 1441 2396 festum
1458 2330 1560 2396 sancti

361 2433 469 2511 lllarii,
485 2455 571 2498 anno
586 2433 676 2518 regni
693 2431 791 2517 Regis
806 2431 957 2496 Edwardi
973 2432 1157 2512 undecimo,
1171 2434 1256 2499 inter
1271 2435 1420 2500 abbatem
1435 2445 1469 2500 et
1483 2456 1560 2498 con-

360 2545 495 2600 ventum
531 2536 572 2600 de
599 2535 710 2618 Burgo
736 2534 840 2598 sancti
865 2533 953 2598 Petri
976 2555 1016 2597 ex
1043 2555 1108 2596 una
1132 2545 1235 2620 parte,
1257 2545 1291 2600 et
1314 2536 1496 2602 Galfridum
1520 2537 1561 2601 de

361 2638 504 2724 Suthorp
520 2648 554 2702 et
582 2638 736 2723 Roysiam
762 2659 897 2701 uxorem
924 2636 994 2720 ejus
1017 2657 1057 2700 ex
1079 2636 1189 2714 altera,
1204 2639 1355 2704 videlicet
1369 2641 1456 2724 quod
1483 2639 1561 2704 dicti

360 2741 458 2807 abbas
474 2753 508 2806 et
522 2751 703 2806 conventus
719 2741 913 2804 dimiserunt
936 2748 970 2802 et
993 2750 1226 2804 concesserunt
1247 2741 1342 2806 dictis
1359 2740 1505 2806 Gallridc
1528 2749 1561 2804 et

361 2846 480 2933 Roysie
509 2844 603 2909 uxori
632 2845 702 2929 ejus
742 2843 923 2908 custodiam
953 2851 1112 2906 terrarum
1142 2853 1176 2906 et
1204 2852 1476 2922 tenementorum,
1497 2865 1560 2928 quc

359 2951 491 3013 fuerunt
521 2947 608 3012 Petri
645 2946 685 3010 de
721 2945 753 3009 la
789 2945 895 3023 Mare,
930 2966 993 3029 que
1028 2944 1134 3008 dictus
1157 2945 1256 3010 abbas
1289 2947 1405 3010 habuit
1429 2946 1560 3010 nomine

360 3051 507 3114 custodie
535 3071 593 3134 per
620 3057 759 3113 mortem
789 3047 868 3112 dicti
908 3047 1006 3125 Petri,
1035 3047 1070 3110 in
1101 3047 1260 3132 Makesey
1301 3057 1334 3111 et
1374 3047 1558 3129 Norburgo,

363 3152 556 3217 Habendam
585 3161 619 3216 et
651 3150 826 3215 tenendam
852 3148 949 3213 dictis
976 3147 1124 3213 Galfrido
1154 3157 1188 3210 et
1217 3148 1337 3233 Roysie
1365 3149 1419 3212 vel
1447 3169 1559 3211 eorum

361 3255 454 3320 alteri
480 3255 710 3339 superviventi,
725 3263 763 3316 ut
788 3253 822 3316 in
847 3251 1032 3328 dominicis,
1055 3248 1246 3328 redditibus,
1271 3249 1396 3328 wardis,
1422 3250 1559 3330 releviis,

362 3358 507 3438 escaetis,
522 3358 661 3436 villanis,
675 3355 866 3440 villenagiis,
889 3353 1026 3434 auxiliis,
1049 3352 1179 3431 finibus,
1201 3353 1385 3431 merchetis,
1406 3354 1502 3417 curiis
1527 3364 1561 3418 et

363 3484 472 3526 earum
501 3460 699 3547 perquisitis,
728 3459 842 3543 pratis,
868 3457 1009 3543 pascuis,
1038 3455 1191 3541 pasturis,
1223 3456 1428 3536 molendinis,
1458 3457 1560 3542 aquis,

363 3565 497 3651 stagnis,
525 3563 669 3639 vivariis,
694 3562 813 3637 boscis,
841 3559 1023 3639 domiciliis,
1046 3558 1261 3638 libertatibus,
1290 3559 1497 3640 aisiamentis,
1526 3571 1561 3624 et

363 3667 458 3732 rebus
477 3667 630 3731 omnibus
656 3665 697 3729 ad
721 3665 823 3729 dictas
844 3673 946 3728 terras
970 3672 1004 3726 et
1026 3671 1212 3726 tenemento
1235 3662 1482 3747 pcrtinentibus,
1498 3683 1561 3746 que

362 3771 449 3834 dicto
474 3769 584 3833 abbati
609 3767 742 3832 nomine
767 3765 915 3831 custodie
939 3764 1083 3828 accidere
1107 3775 1253 3848 possent,
1270 3765 1298 3829 si
1319 3765 1354 3829 in
1380 3786 1477 3828 manu
1502 3785 1562 3828 sua

362 3872 524 3935 existeret.
569 3869 725 3952 Exceptis
742 3867 796 3930 xii.
813 3865 959 3930 solidatis
974 3875 1058 3928 terre
1076 3864 1129 3928 vel
1148 3865 1294 3931 redditus
1320 3867 1562 3952 provoluntate

362 3974 498 4052 abbatis,
515 3972 688 4057 dequibus
704 3969 889 4056 perficietur
904 3968 975 4048 dos,
991 3989 1053 4052 que
1074 3967 1239 4034 dominam
1255 3971 1484 4051 Christianam,
1500 3991 1563 4056 que

360 4079 425 4142 suit
446 4097 529 4140 uxor
548 4075 672 4140 domini
687 4073 775 4138 Petri
798 4073 839 4137 de
862 4072 893 4136 la
919 4071 1024 4150 Mare,
1040 4069 1201 4154 contingit
1226 4069 1266 4134 de
1281 4071 1487 4148 tenementis,
1501 4091 1564 4154 que

362 4181 468 4245 dictus
499 4180 614 4242 Petrus
644 4176 750 4242 tenuit
780 4176 820 4240 de
846 4174 934 4240 dicto
960 4173 1090 4238 abbate.
1148 4173 1305 4258 Exceptis
1336 4173 1483 4237 similiter
1508 4191 1566 4236 sex

407 4301 521 4346 GAMD.
538 4301 612 4346 800.
1370 4297 1391 4340 Ιι
