3812 5030
46 1535 118 1582 [tam
130 1535 175 1581 lroe
183 1549 254 1583 anno.

49 2308 83 2354 ln
97 2308 151 2354 imis
164 2307 233 2356 loliis.

601 630 813 676 ouaonreon
832 633 1158 677 raraoauacansa.
1441 625 1483 680 33

280 781 333 846 vel
349 779 467 846 Martis
488 779 557 845 sine
579 780 813 868 impedimento
828 783 880 848 vel
895 784 1153 850 contradiccione
1174 785 1278 870 ipsius
1292 785 1419 852 abbatis
1443 790 1482 854 de

280 884 391 970 Burgo
406 893 440 950 et
454 906 675 950 successorum
702 907 835 950 suorum
859 887 1099 972 inperpetuum.
1152 888 1199 952 Et
1224 889 1371 954 similiter
1396 893 1483 975 quod

278 988 447 1073 predictus·
459 987 559 1053 abbas
584 988 625 1054 de
652 989 821 1054 Rameseia
845 1001 878 1054 ct
898 991 1047 1055 homines
1075 991 1126 1054 sui
1151 991 1294 1056 habeant
1316 993 1482 1078 pacificam

277 1112 483 1156 communem
496 1091 528 1154 in
546 1093 686 1176 quodam
701 1101 806 1176 prato,
821 1091 909 1177 quod
920 1102 1054 1156 vocatur
1072 1090 1247 1178 Killescye,
1259 1093 1304 1156 ita
1318 1095 1434 1159 melius
1449 1106 1483 1162 et

276 1192 409 1260 liberius
425 1194 509 1260 sicut
520 1195 683 1279 predictus
693 1194 888 1280 Beringerus
898 1204 932 1260 et
942 1195 1091 1260 homines
1107 1196 1158 1259 sui
1173 1195 1291 1260 habere
1306 1219 1482 1262 consueve-

277 1305 365 1361 runt.
410 1296 498 1362 Huic
518 1297 639 1382 scripto
662 1297 766 1382 sigilla
783 1296 937 1362 abbatum
963 1307 998 1364 et
1022 1307 1242 1362 conventuum
1268 1299 1309 1364 de
1324 1300 1434 1384 Burgo
1449 1310 1483 1365 et

279 1399 428 1466 Ramesei
442 1401 625 1466 alternatim
641 1411 719 1466 sunt
733 1401 912 1487 appositu*

322 1505 449 1570 Eodem
463 1515 609 1591 tempore
625 1527 699 1570 cum
721 1505 874 1570 dominus
896 1526 953 1568 rex
979 1504 1175 1588 obligaretur
1200 1505 1345 1588 predicto
1372 1506 1480 1572 abbati

278 1605 319 1670 de
334 1606 445 1690 Burgo
464 1607 499 1671 in
515 1607 554 1671 C.
569 1606 659 1670 libris
675 1627 733 1690 per
747 1606 887 1670 litteram
902 1605 1126 1690 obligatoriam
1148 1629 1167 1670 a
1189 1607 1322 1671 domino
1336 1608 1359 1671 J
1361 1609 1482 1673 ohanni

278 1709 319 1772 da
345 1708 459 1772 Caleto
485 1708 601 1774 abbate
624 1719 740 1774 mutuo
765 1709 914 1794 receptis,
939 1709 980 1772 ad
1005 1709 1201 1794 peticionem
1227 1709 1329 1795 ipsius
1354 1710 1480 1776 abbatis

278 1810 408 1874 Ricardi
422 1812 506 1876 facta
518 1821 572 1877 est
585 1811 661 1876 inde
675 1812 827 1878 allocucio
842 1812 883 1876 ad
899 1813 1092 1877 scaccarium
1118 1813 1201 1897 regis
1225 1835 1285 1898 pro
1307 1814 1480 1879 medietate

277 1912 364 1991 linis,
381 1934 478 1998 quem
493 1913 581 1998 prior
595 1923 629 1978 ct
642 1923 823 1980 conventus
838 1915 984 1980 fecerunt
998 1937 1057 2000 pro
1072 1915 1244 1980 vocacione
1259 1916 1390 1981 abbacie
1405 1928 1481 2001 post

278 2014 404 2081 obitum
419 2016 543 2080 domini
559 2015 693 2082 Roberti
708 2015 846 2081 abbatis.

311 2287 327 2319 ⁸
344 2291 480 2340 Edwardua
493 2293 538 2339 Dei
548 2292 626 2354 gratia
643 2305 686 2338 rex
698 2291 796 2352 Anglia,
814 2297 860 2338 etc.
889 2293 1010 2352 jacturam
1021 2298 1045 2338 et
1056 2292 1173 2342 libertatis
1183 2307 1225 2340 sue
1241 2293 1354 2340 lesionem
1366 2295 1478 2340 incurrit.

278 2373 721 2432 vicecomittrtorhsmrontqnlatcm.
748 2372 861 2433 Experto
894 2372 927 2419 lit
945 2374 1003 2432 quia
1023 2374 1103 2420 eidam
1124 2375 1205 2421 abbati
1228 2375 1258 2420 de
1278 2375 1360 2434 Burgo
1382 2376 1408 2420 in
1432 2375 1477 2420 hac

278 2455 370 2502 domini
377 2457 469 2503 abbatis
478 2457 508 2502 de
516 2455 598 2516 Burgo
606 2455 675 2501 nobis
685 2459 722 2502 ost
732 2459 861 2511 ostensum,
893 2461 960 2514 parte
971 2455 1095 2502 manileme
1105 2455 1233 2516 injuriatur
1244 2471 1276 2513 os,
1287 2456 1411 2516 presertim
1422 2470 1478 2503 cum

277 2537 418 2597 quodcum
440 2542 468 2584 tu
490 2543 616 2584 rotumum
635 2535 761 2596 cuiusdam
783 2536 862 2580 brevis
893 2537 1001 2596 cognicio
1012 2537 1106 2596 loquela
1123 2537 1188 2583 illius
1203 2537 1337 2597 specialiter
1347 2543 1436 2597 spectat
1447 2539 1477 2584 ad

277 2619 352 2664 nostri
373 2619 417 2665 tibi
440 2619 525 2666 directi
553 2619 584 2665 da
609 2618 694 2664 averiis
716 2617 809 2663 abbatia
830 2617 861 2663 de
893 2619 985 2664 curiam
994 2615 1109 2666 libertatis
1116 2619 1232 2678 predicte,
1243 2619 1268 2664 in
1278 2634 1326 2678 qua
1334 2620 1478 2665 idemabbas

278 2699 392 2759 Ram0sey
411 2699 579 2760 replegiandis,
592 2712 639 2758 qua
650 2698 772 2758 pradictus
788 2699 861 2743 abbas
893 2699 924 2745 de
937 2699 1018 2761 Burgo
1029 2705 1126 2760 paratus
1139 2706 1173 2746 est
1184 2705 1246 2746 stare
1258 2705 1330 2756 racto,
1343 2701 1408 2746 etde
1420 2715 1477 2746 con-

276 2779 308 2826 da
320 2781 402 2842 Burgo
413 2781 476 2827 iub-a
484 2781 618 2827 libertatem
629 2794 697 2826 suam
707 2793 751 2840 pro
762 2779 860 2840 quibus·
893 2781 1049 2840 quarentibus
1056 2781 1145 2827 exinde
1153 2781 1215 2828 sicut
1222 2780 1323 2841 quilibet
1332 2788 1459 2828 extraneus
1471 2800 1478 2838 ;

276 2863 333 2908 dam
344 2861 486 2920 redditibus,
493 2861 650 2922 arreragiiset
657 2862 729 2908 rebus
739 2861 859 2918 mutatis,
892 2863 934 2908 ubi
945 2863 965 2909 si
976 2863 1083 2922 predicto
1093 2863 1174 2908 abbati
1186 2863 1216 2908 de
1228 2861 1344 2922 Ramasay
1355 2863 1437 2908 luisset
1449 2863 1474 2908 in

276 2957 305 2989 ac
324 2945 513 2990 amarciaurentis
535 2944 627 2990 rationo
646 2942 776 3003 regalitatis
795 2943 859 2989 dicte
890 2943 973 3004 aliquo
984 2943 1133 3004 injuriatum,
1144 2944 1263 2989 sufficiens
1279 2943 1325 2988 sibi
1341 2943 1475 2988 remedium

276 3024 392 3070 libertatia
402 3039 444 3072 aue
463 3026 495 3070 ad
514 3025 593 3084 ipsum
610 3024 793 3084 pertinentibus,
804 3023 858 3083 capi
890 3024 1021 3070 leceramus
1032 3025 1096 3080 inde,
1115 3025 1159 3070 tibi
1179 3025 1323 3083 precipimus
1340 3024 1405 3082 quod
1422 3038 1475 3083 pra·

277 3103 373 3161 lecerat,
395 3105 488 3150 ballivis
509 3104 617 3165 ejusdam
642 3104 759 3150 libertatis
780 3117 858 3162 nuper
890 3105 966 3150 dictos
977 3105 1076 3150 ballivos
1083 3105 1190 3164 predicte
1197 3104 1313 3149 libertatis
1321 3117 1393 3163 super
1404 3105 1475 3150 certis

276 3185 361 3232 leceris
373 3200 418 3242 ;ac
428 3186 519 3231 hildam
530 3185 611 3230 ballivi
628 3184 705 3244 parati
716 3190 794 3230 essent
804 3197 857 3245 pre-
890 3185 1083 3230 districtionibus
1093 3185 1156 3229 inira
1166 3185 1267 3230 eandam
1284 3183 1418 3229 libertatem
1429 3199 1473 3243 pro

275 3265 858 3326 iatoabbatideltameseyarsriasuapredictare·
890 3265 1010 3326 premissis
1025 3264 1147 3322 halandia,
1162 3264 1199 3310 rel
1216 3264 1292 3310 eciam
1305 3265 1472 3325 supercogni-

275 3347 643 3410 plagiame,adprosoquendum
660 3345 856 3406 loquelamillam
889 3347 997 3392 cionibus
1022 3346 1160 3407 hujusmodi
1188 3345 1345 3405 loquelarum,
1369 3360 1416 3405 que
1442 3347 1474 3392 ad

275 3431 301 3477 in
309 3430 435 3476 hundredo
443 3428 720 3476 libertatiadictiabbatis
728 3428 758 3473 dc
767 3427 856 3487 Burgo,
889 3428 1054 3475 vicecomitum
1067 3427 1196 3487 portinent,
1208 3427 1356 3483 exercendis,
1368 3441 1416 3472 nou
1429 3427 1472 3472 im-

274 3514 337 3559 sicut
348 3513 374 3558 in
385 3511 549 3560 consimilibus
559 3511 654 3557 ωὶῑιιιιι
664 3510 715 3556 lieri
726 3509 856 3566 consucvit,
889 3509 970 3570 podiae
998 3509 1057 3568 quin
1085 3521 1124 3554 aas
1148 3508 1262 3568 placitare
1286 3508 1384 3567 possint,
1412 3509 1475 3556 sicut

274 3601 302 3642 tu
313 3607 418 3640 amicas
429 3592 548 3652 loquelam
563 3591 666 3638 illamin
677 3590 784 3652 predicto
795 3591 856 3636 hurr-
889 3591 1013 3649 hucusque
1034 3589 1086 3637 fieri
1113 3589 1243 3636 consuevit.
1288 3587 1357 3634 'leste
1384 3589 1474 3650 meipso

275 3676 351 3722 dredo
369 3675 471 3736 predicti
490 3673 582 3720 abbatis
601 3674 632 3719 ds
652 3673 734 3734 Burgo
749 3671 858 3734 placitari
889 3671 953 3732 apud
974 3671 1097 3727 (lestriam,
1111 3685 1154 3716 xx.
1176 3670 1214 3716 die
1230 3669 1308 3726 iunii,
1324 3683 1388 3716 anno
1404 3671 1473 3730 regni

276 3771 325 3804 non
342 3758 437 3814 debere,
448 3770 476 3803 oo
493 3756 557 3816 quod
569 3755 629 3801 dieis
639 3769 695 3802 eum
705 3768 755 3800 esse
765 3759 857 3814 partem
892 3753 979 3811 [nosti
991 3750 1192 3810 decimo.]-—Tlre
1209 3751 1264 3796 date
1276 3750 1302 3795 oi
1317 3750 1364 3796 this
1381 3751 1434 3797 writ
1454 3752 1474 3796 is

275 3843 301 3884 et
319 3839 428 3897 judicem
451 3837 475 3882 in
497 3837 543 3883 hoo
563 3851 628 3894 casu,
649 3835 783 3882 libertatem
806 3835 858 3895 ejas
889 3841 944 3882 torn
961 3833 996 3880 oli
1006 3853 1012 3892 ς
1030 3835 1075 3880 but
1094 3847 1125 3879 on
1145 3833 1186 3878 tbe
1202 3832 1261 3878 toth
1273 3831 1300 3877 of
1316 3831 1388 3888 June,
1401 3831 1473 3889 1282,

275 3919 366 3978 absque
386 3919 499 3965 mandato
516 3923 596 3964 noatm
615 3917 652 3964 vel
671 3917 718 3963 alia
731 3930 802 3962 caasa
822 3931 857 3962 ra-
890 3916 959 3963 tantlr
970 3930 1026 3976 yaar
1036 3913 1063 3961 ol
1072 3915 1109 3960 his
1119 3915 1195 3974 reign,
1204 3913 1270 3974 King
1279 3913 1383 3958 Edward
1392 3927 1440 3958 was
1448 3919 1473 3958 at

274 3998 857 4058 cionabiliintrasti‚etaadamavariadeliberasb',
891 3997 997 4053 chester,
1008 3996 1113 4042 whereas
1130 4009 1162 4042 on
1177 3995 1218 4042 tlte
1236 3993 1296 4040 toth
1307 3995 1353 4054 day
1363 3994 1390 4038 oi
1398 3993 1414 4039 J
1417 4009 1472 4050 una,

275 4081 404 4142 quominus
421 4082 485 4127 idom
502 4083 576 4128 abbas
593 4082 624 4128 da
645 4081 726 4143 Burgo
735 4080 856 4142 justiciam
891 4077 963 4136 1279,
974 4077 1073 4126 screuth
1084 4077 1111 4123 of
1119 4077 1156 4123 his
1172 4076 1250 4138 reign,
1268 4075 1299 4122 he
1317 4089 1363 4120 wat
1374 4079 1398 4120 at
1410 4073 1472 4119 Oan-

272 4163 389 4222 conaequi
405 4163 483 4223 potuit
494 4163 524 4208 de
535 4164 661 4224 promissis,
678 4163 744 4210 unde
759 4175 856 4224 gravem
890 4157 1058 4220 terbum-T.
1072 4157 1098 4205 S.

318 4281 431 4326 erun.
449 4280 523 4326 soc.
1280 4275 1300 4315 Ρ
