3894 5024
404 587 464 647 132
661 619 671 638 ·
719 601 931 647 canonrccs
950 602 1274 649 raraosuacreusrr.

446 754 531 819 Item
544 751 623 818 dicit
637 751 800 837 predictus
811 753 975 818 Galfridus
990 755 1078 839 quod
1092 776 1167 819 cum
1178 753 1290 818 Abbas
1302 751 1343 818 de
1355 750 1465 835 Burgo
1473 747 1602 816 noviter

402 855 499 921 fuerit
513 863 651 933 creatus,
666 853 719 918 die
732 854 960 919 installationis
976 877 1045 934 sue,
1060 855 1190 941 quando
1204 855 1283 920 iacit
1295 853 1478 938 ingressum
1493 871 1601 928 suum,

402 959 490 1023 idem
505 956 671 1021 Galfridus
693 956 826 1022 habebit
851 958 1032 1023 custodiam
1047 958 1191 1023 Abbacie
1215 957 1270 1022 illo
1287 957 1338 1021 dic
1353 977 1411 1041 per
1435 975 1470 1019 se
1484 963 1519 1019 et
1543 973 1602 1037 per

404 1083 491 1141 suos,
505 1083 547 1125 ne
562 1061 722 1125 tumultus
737 1069 794 1125 aut
807 1061 1012 1148 perturbacio
1027 1063 1133 1148 aliqua
1147 1062 1286 1141 eveniat,
1300 1073 1335 1126 et
1348 1061 1419 1145 ipse
1434 1057 1600 1123 Galiridus

404 1165 522 1231 serviet
543 1163 653 1228 abbati
667 1164 782 1229 eodem
797 1165 849 1229 die
864 1165 905 1230 (10
919 1165 1025 1250 primo
1040 1167 1173 1246 ferculo,
1188 1177 1221 1230 et
1242 1163 1377 1230 habebit
1401 1162 1511 1228 omnia
1524 1182 1602 1224 vasa

403 1289 498 1334 aurea
511 1276 546 1333 et
568 1277 728 1352 argentea,
751 1267 792 1332 de
807 1267 925 1353 quibus
940 1269 1027 1332 idem
1041 1267 1154 1332 Abbas
1179 1268 1215 1332 in
1238 1266 1368 1353 propria
1381 1283 1602 1351 1101001100οτ-

402 1371 488 1436 vitus
503 1371 600 1435 fuerit
613 1370 670 1435 illo
686 1370 749 1450 die,
765 1371 834 1435 sine
849 1371 1032 1456 calumpnia
1046 1371 1181 1456 alicujus
1197 1371 1328 1436 alterius
1342 1369 1399 1434 rei.

446 1474 532 1538 Item
560 1472 648 1537 idem
674 1472 840 1537 Galfridus
866 1473 994 1538 racione
1018 1474 1163 1558 predicte
1192 1471 1427 1539 constabularie
1452 1468 1602 1536 vendicat

403 1577 483 1642 duas
497 1576 593 1641 robas
607 1597 811 1662 perannum,
826 1577 878 1641 vel
892 1577 936 1642 xl.
951 1577 1072 1641 solidos
1087 1599 1146 1661 pro
1162 1576 1304 1662 qualibet
1317 1575 1407 1640 roba.
1525 1641 1528 1646 ,

448 1679 535 1744 Item
552 1677 641 1744 idem
657 1678 823 1744 Galfridus
837 1679 988 1745 vendicat
1012 1679 1313 1765 perendinacioncm
1340 1678 1437 1742 unius
1452 1672 1604 1741 dextrarii

406 1793 440 1848 et
463 1783 562 1847 unius
581 1781 740 1866 garcionis
760 1781 869 1867 ipsum
894 1782 1107 1847 custodientis
1132 1782 1215 1846 infra
1236 1779 1413 1848 Abbaciam
1426 1779 1468 1846 (10
1483 1778 1605 1862 Burgo,

404 1888 445 1952 ad
461 1891 612 1971 sumptus
626 1883 765 1948 Abbatis
779 1905 838 1969 per
851 1893 958 1949 totum
973 1907 1106 1950 annum.

448 1987 534 2050 Item
558 1985 644 2051 idem
661 1985 828 2051 Galiridus
841 1986 993 2051 vendicat
1013 1985 1316 2071 perendinacionem
1338 1985 1374 2050 in
1396 1983 1541 2049 Abbecia
1561 1982 1604 2048 de

405 2089 514 2173 Burgo
538 2109 597 2173 per
619 2087 779 2152 adventus
803 2110 880 2154 suos
904 2109 979 2152 cum
1003 2087 1107 2154 tribus
1131 2088 1306 2172 armigeris,
1333 2087 1475 2172 quinque
1499 2085 1603 2171 equis,

404 2192 547 2277 quinque
561 2190 766 2276 garcionibus
780 2200 815 2256 et
829 2190 957 2256 duobus
972 2190 1139 2276 leporariis
1154 2190 1194 2254 ad
1212 2199 1362 2275 sumptus
1376 2188 1525 2254 Abbatis.

449 2295 554 2361 Breve
578 2293 702 2360 domini
725 2293 863 2358 Galfridi
886 2294 927 2358 (10
948 2294 980 2358 la
995 2293 1089 2358 Mare
1114 2294 1323 2378 impetratum
1345 2314 1405 2377 pro
1430 2290 1604 2357 constabu-

403 2398 491 2477 laria,
505 2397 671 2483 pertinens
686 2397 727 2462 ad
740 2397 877 2462 liberum
892 2405 1116 2463 tenementum
1126 2397 1161 2461 in
1173 2396 1359 2482 Mekeseye,
1370 2416 1456 2460 anno
1467 2393 1603 2460 Domini

405 2501 521 2566 M⁰cc⁰
535 2499 745 2584 nonagesimo
760 2511 886 2586 quarto.

447 2605 520 2666 Rex
533 2601 715 2666 vicecomiti
729 2603 966 2667 Norbamtonie
978 2603 1125 2668 salutem.
1163 2602 1296 2686 Precipe
1307 2599 1428 2666 Abbati
1443 2599 1483 2664 de
1493 2599 1603 2684 Burgc

405 2703 508 2768 sancti
532 2703 620 2768 Petri
645 2704 733 2788 quod
754 2705 844 2788 juste
866 2713 900 2767 et
925 2705 995 2768 sine
1018 2704 1174 2769 dilacione
1198 2705 1313 2768 reddat
1336 2703 1483 2768 Galfrido
1509 2702 1550 2766 de
1572 2703 1604 2766 la

404 2804 498 2869 Mare
521 2801 672 2868 ballivam
698 2802 934 2869 constabularie
950 2803 1093 2868 Abbacie
1109 2803 1149 2868 de
1164 2804 1275 2889 Burgo
1290 2803 1394 2870 sancti
1419 2803 1504 2870 Petri
1527 2826 1603 2869 cum

403 2904 623 2990 pertinenciis,
634 2905 675 2970 de
689 2927 753 2990 qua
768 2906 907 2971 Brianus
923 2907 963 2971 de
977 2907 1009 2972 10
1024 2907 1129 2986 Μο10,
1144 2929 1285 2992 proavus
1300 2907 1438 2993 predicti
1453 2907 1603 2986 GalIridi,

404 3009 497 3094 cujus
512 3007 606 3072 heres
620 3007 690 3092 ipse
705 3017 765 3086 est,
779 3009 843 3072 11111
857 3009 997 3094 seysitus
1011 3009 1046 3073 in
1062 3009 1225 3073 dominico
1240 3031 1300 3073 suo
1315 3019 1353 3073 ut
1375 3010 1415 3073 de
1430 3009 1537 3088 feodo,
1552 3008 1604 3074 die

405 3133 470 3197 quo
485 3111 577 3190 obiit,
590 3123 629 3174 ut
644 3110 743 3192 dicit3
766 3121 799 3176 et
814 3111 878 3176 nisi
893 3111 1015 3192 1000111,
1029 3121 1064 3176 01
1077 3112 1242 3197 predictus
1257 3112 1424 3177 Galfridus
1439 3113 1551 3178 1000111
1571 3121 1605 3176 10

405 3235 554 3280 securum
569 3214 610 3280 de
624 3214 740 3280 clamio
756 3237 815 3280 suo
831 3215 1067 3300 prosequendo,
1093 3223 1173 3279 tunc
1188 3225 1392 3280 summonete
1415 3237 1474 3300 per
1498 3215 1603 3281 bonos

404 3317 656 3383 summonitores
684 3317 866 3403 predictum
891 3317 1066 3396 Abbatem,
1095 3317 1183 3403 quod
1213 3317 1256 3381 sit
1285 3339 1393 3382 coram
1418 3317 1605 3402 justiciariis

403 3417 524 3484 nostris
546 3418 632 3503 apud
654 3419 981 3484 westmonasterium
1005 3442 1025 3483 0
1039 3419 1091 3484 (110
1106 3419 1229 3484 Pascha
1250 3418 1285 3482 in
1308 3427 1374 3484 tres
1396 3419 1604 3502 septimanas,

404 3530 594 3585 osstenurus
610 3541 708 3604 quare
721 3543 788 3586 non
812 3522 933 3586 feccrit.
979 3523 1025 3586 Et
1048 3521 1168 3587 habeas
1184 3519 1470 3587 summonitionem
1485 3529 1519 3583 et
1541 3519 1605 3584 hoc

403 3623 512 3688 breve.
554 3621 653 3687 Teste
666 3623 792 3708 meipso
806 3624 893 3708 apud
908 3624 1051 3704 Duville‚
1065 3625 1130 3690 xvi.
1146 3625 1198 3690 die
1214 3620 1390 3700 Februarii,
1411 3639 1498 3685 anno
1512 3623 1603 3707 regni

404 3725 507 3790 nostri
522 3723 616 3788 xxiia

186 3849 245 3910 (sot.
256 3849 316 3900 est.
326 3850 377 3900 sina
449 3835 462 3910 1
477 3825 643 3912 Obligatio
657 3826 796 3892 Abbatis
811 3848 871 3912 pro
888 3829 976 3912 Rege
991 3829 1025 3892 in
1040 3829 1232 3914 quingentas
1247 3827 1356 3892 fibras.

182 3915 326 3980 mm)
450 3932 548 3995 Anno
564 3930 699 3995 Domini
715 3929 893 3995 Millesimo
910 3945 980 3996 cc⁰.
995 3932 1193 4016 octogesimo
1209 3939 1311 3996 sexto.

185 4045 329 4107 (1010011.
345 4045 391 4110 (0.)
451 4035 525 4100 Hoc
554 4055 640 4098 anno
669 4041 746 4120 post
771 4033 903 4100 octabas
928 4033 1061 4112 pasche,
1086 4034 1121 4098 in
1146 4035 1367 4121 parleamento
1393 4033 1492 4120 Regis
1518 4035 1605 4120 apud

406 4137 747 4218 westmonasterium,
762 4137 857 4202 multi
872 4137 1005 4206 abbates
1021 4137 1139 4223 Anglie
1156 4161 1214 4224 pro
1230 4139 1302 4224 ipso
1318 4137 1451 4204 domino
1468 4139 1556 4222 Rege
1570 4138 1605 4205 in
