3938 5022
692 667 905 714 canonican
923 669 1249 716 rnrnoaunosuss.
1513 659 1574 716 103

374 825 498 880 trorum
513 823 547 880 et
565 816 660 901 juxta
675 818 826 884 articulos
849 819 971 885 eisdem
995 819 1071 886 inde
1090 821 1228 890 traditos
1248 830 1282 887 et
1307 821 1484 907 injunctos.
1528 823 1575 890 Et

373 918 448 984 ideo
459 918 553 985 vobis
565 920 756 984 mandamus
765 924 854 1006 quod
862 923 985 988 eisdem
994 924 1017 989 J
1019 924 1140 990 ohanni
1150 933 1212 990 etc.
1223 935 1378 1010 tanquam
1386 925 1574 1010 justiciariis
1587 997 1591 1005 ,

374 1021 495 1086 nostris
520 1021 748 1088 itinerantibus
773 1024 807 1088 in
823 1025 975 1090 omnibus
996 1047 1058 1111 que
1073 1026 1115 1092 ad
1134 1028 1252 1112 placita
1266 1028 1320 1092 illa
1334 1029 1511 1114 pertinent,
1525 1029 1575 1094 in·

374 1123 546 1189 tendentes
562 1123 633 1190 sitis
648 1135 683 1190 et
699 1126 944 1210 respondentes,
960 1127 1047 1194 sicut
1060 1129 1243 1214 predictum
1258 1138 1320 1196 est.
1365 1130 1406 1193 In
1421 1131 1514 1215 cujus
1528 1130 1576 1196 rei

375 1224 597 1290 testimonium
623 1235 686 1291 etc.
730 1227 855 1292 Datum
880 1229 968 1313 apud
990 1230 1195 1300 Wolvemere
1222 1232 1321 1298 tercio
1347 1231 1399 1298 die
1422 1233 1575 1318 Augusti,

376 1349 461 1406 anno
476 1329 567 1413 regni
580 1329 685 1393 nostri
699 1329 780 1396 xiii0.

421 1431 526 1495 Breve
541 1431 581 1494 de
598 1431 868 1497 summonitione.

156 1543 331 1592 Bandom'mi
421 1534 601 1599 Edwardus
624 1535 687 1598 Dei
706 1535 808 1618 gratia
830 1535 901 1598 Rex
915 1533 1041 1619 Anglie,
1056 1543 1118 1602 etc.
1136 1536 1318 1600 vicecomiti
1340 1537 1577 1606 Norbamtonie

155 1610 342 1722 fflmjjjm
379 1636 527 1701 salutem.
550 1636 936 1721 Summoneteperbonos
946 1638 1483 1724 summonitores,archiepiscopos,
1492 1641 1578 1725 epis·

379 1759 489 1823 copus,
505 1736 648 1817 abbates,
670 1737 805 1822 priores,
827 1739 973 1818 comites,
988 1738 1138 1820 barones,
1153 1741 1282 1818 milites,
1302 1751 1336 1805 et
1351 1763 1464 1807 omnes
1478 1742 1578 1808 libere

378 1849 526 1906 tenentes
541 1841 582 1906 de
597 1841 753 1906 comitatu
767 1851 837 1922 tuo,
862 1851 896 1908 et
917 1842 958 1907 de
981 1841 1123 1927 qualibet
1143 1843 1219 1908 villa
1234 1854 1372 1929 quatuor
1385 1844 1503 1930 legales
1518 1845 1578 1910 ho-

379 1943 483 2007 mines
519 1951 553 2008 et
586 1943 800 2028 prepositum,
826 1945 926 2009 etde
955 1943 1100 2030 quolibet
1128 1944 1231 2030 burgo
1260 1945 1433 2012 duodecim
1460 1947 1578 2032 legales

379 2046 563 2130 Burgenses
586 2065 645 2130 per
669 2054 773 2110 totam
795 2045 946 2112 ballivam
971 2056 1073 2125 tuam,
1099 2055 1133 2111 et
1158 2069 1271 2113 ornnes
1296 2049 1370 2114 illos
1392 2049 1448 2135 qui
1469 2073 1578 2116 coram

156 2152 216 2220 (sd-
226 2153 271 2203 ora.
282 2151 326 2215 a.)
375 2147 561 2233 justiciariis
572 2149 692 2213 nostris
707 2148 933 2216 itinerantibus
948 2150 1057 2214 venire
1071 2150 1201 2230 laolent
1214 2161 1249 2216 et
1262 2151 1393 2232 debent,
1409 2154 1496 2238 quod
1512 2153 1580 2218 sint

158 2244 349 2356 ᾒξῐὲξοοῦθόᾚ
380 2251 467 2336 apud
481 2251 774 2336 Norbamptoniam
789 2253 823 2318 in
838 2254 979 2319 erastino
999 2253 1102 2317 sancti
1119 2251 1288 2318 Michaelis
1303 2255 1453 2338 proximo
1468 2256 1578 2320 futuro

157 2345 247 2436 gesimo
257 2343 351 2434 imno.
381 2376 488 2419 coram
503 2354 629 2420 dilectis
644 2365 677 2420 et
690 2354 839 2420 fidelibus
853 2355 974 2419 nostris
984 2353 1006 2420 J
1008 2356 1135 2420 ohanne
1150 2355 1190 2419 de
1201 2355 1348 2420 Vallibua
1366 2365 1400 2420 et
1414 2356 1579 2422 Willelmo

159 2437 344 2563 ssjgjpfflmffi
382 2458 422 2522 de
452 2458 571 2522 Saham
594 2465 628 2522 et
654 2458 724 2522 aliis
758 2456 908 2522 fidelibus
933 2457 1065 2536 nostris,
1088 2479 1170 2542 quos
1200 2467 1279 2522 tunc
1303 2457 1425 2524 ibidem
1450 2459 1581 2526 missuri

159 2569 249 2615 Itinere
259 2567 321 2644 150¹*
383 2582 506 2640 sumus,
531 2559 699 2626 audituros
716 2560 913 2625 saracenos
939 2569 1128 2645 preceptum
1154 2571 1313 2626 nostrum.
1359 2560 1467 2626 Facite
1482 2561 1579 2626 etiam

157 2633 303 2693 camptona.
381 2663 491 2730 venire
506 2687 613 2730 coram
637 2663 759 2728 eisdem
780 2662 931 2728 fidelibus
946 2663 1065 2728 nostris
1080 2664 1190 2729 omnia
1203 2664 1321 2750 placita
1335 2685 1454 2730 corone
1468 2673 1580 2730 nostra

382 2789 445 2853 que
458 2767 610 2854 placitata
623 2789 691 2832 non
713 2775 801 2847 sunt,
824 2766 877 2832 vel
899 2788 963 2852 que
988 2777 1189 2832 emerserunt
1212 2777 1386 2853 postquam
1410 2768 1583 2852 justiciarii

381 2871 497 2936 ultimo
511 2871 743 2936 itinerarerunt
759 2871 794 2934 in
815 2869 963 2955 partibus
984 2869 1060 2950 illis,
1075 2881 1109 2935 et
1134 2871 1244 2936 omnia
1268 2871 1386 2955 placita
1410 2879 1444 2934 et
1473 2871 1582 2936 omnia

383 2974 633 3038 attachiamenta
656 2972 697 3038 ad
725 2973 843 3057 placita
865 2973 920 3036 illa
944 2973 1154 3057 pertinencia.
1198 2972 1245 3036 Et
1268 2993 1382 3038 omnes
1406 2972 1524 3035 assises
1547 2982 1582 3037 et

384 3077 493 3140 omnia
507 3075 699 3160 placitaque
713 3075 820 3159 posita
832 3083 910 3138 sunt
923 3073 965 3138 ad
979 3075 1117 3158 primam
1129 3074 1263 3140 assisam
1276 3095 1385 3143 coram
1396 3073 1582 3157 justiciariis

386 3177 506 3244 nostris
532 3199 606 3242 oum
629 3175 782 3241 brevibus
797 3176 971 3240 assisamm
986 3175 1113 3240 illarum
1129 3185 1162 3240 et
1175 3175 1380 3260 placitorum.
1425 3175 1478 3240 Ita
1494 3176 1583 3260 quod

387 3279 487 3344 assisa
501 3279 555 3344 ille
580 3287 614 3344 et
632 3278 749 3364 placita
771 3299 830 3364 pro
856 3277 985 3342 deiectu
1008 3277 1057 3342 tui
1080 3278 1133 3342 vel
1152 3276 1415 3343 summonitionis
1434 3286 1491 3342 tue
1515 3299 1584 3342 non

386 3391 584 3448 remaneant.
615 3381 724 3446 Facite
739 3381 836 3445 etiam
852 3379 982 3445 clamari
991 3387 1024 3444 et
1033 3378 1107 3444 sciri
1121 3401 1180 3466 per
1194 3388 1297 3444 totam
1312 3379 1464 3446 ballivum
1481 3388 1583 3461 nram,

387 3487 474 3574 quod
494 3507 608 3551 omnes
632 3484 733 3549 assiae
755 3493 788 3548 at
813 3483 922 3548 omnia
935 3482 1053 3568 placita
1076 3504 1138 3568 que
1164 3484 1296 3547 fuerunt
1321 3482 1527 3548 atterminata
1549 3491 1584 3548 et

385 3611 453 3654 non
476 3587 579 3668 finita,
593 3587 647 3653 vel
661 3607 724 3671 que
749 3587 882 3650 fuerunt
907 3584 1105 3650 summonita
1127 3607 1234 3650 coram
1248 3584 1437 3670 justiciariis
1462 3586 1583 3652 nostris

386 3692 473 3778 apud
486 3687 816 3756 westmonasterium
830 3687 882 3752 rel
908 3708 1016 3752 coram
1032 3687 1220 3772 justiciariis
1246 3687 1368 3752 nostris
1392 3687 1449 3773 qui
1467 3687 1583 3753 ultimo

385 3793 617 3860 itineraverunt
641 3793 677 3857 in
701 3791 859 3856 comitatu
882 3791 1027 3876 predicto
1048 3791 1089 3856 ad
1115 3792 1225 3857 omnia
1245 3791 1374 3877 placita,
1399 3790 1453 3856 val
1475 3811 1584 3856 coram

382 3895 570 3980 justiciariis
591 3893 712 3962 nostris
726 3894 803 3958 illuc
817 3893 925 3958 missis
939 3893 981 3958 ad
996 3893 1113 3958 assisas
1128 3915 1213 3960 nova
1229 3893 1398 3960 dissaisine
1412 3893 1587 3978 capiendas

386 3997 439 4064 vel
458 3997 499 4062 ad
521 3998 646 4082 gaolam
662 3996 912 4076 deliberandam,
927 3997 1015 4081 quod
1030 4005 1109 4062 tunc
1132 3996 1199 4060 sint
1220 4017 1327 4062 coram
1343 3995 1475 4080 prefatis
1487 3995 1585 4080 justi·

387 4099 491 4166 ciariis
506 4101 626 4166 nostris
641 4101 728 4186 apud
746 4099 1018 4166 Norhamtoniem
1039 4099 1075 4164 in
1101 4099 1217 4164 eodem
1240 4107 1327 4164 statu
1342 4121 1407 4184 quo
1421 4119 1585 4164 remansa-

386 4210 465 4269 runt
486 4223 545 4287 per
568 4210 757 4286 preceptum
779 4209 929 4266 nostrum
950 4199 1004 4264 rel
1021 4199 1272 4283 justiciariorum
1286 4199 1518 4276 itinerantium,
1533 4198 1588 4263 val

384 4303 636 4390 justiciariorum
647 4312 834 4369 nostrorum
850 4303 890 4368 de
902 4301 1025 4368 Baneo.
1070 4301 1283 4368 Summonete
1297 4301 1395 4367 etiam
1409 4322 1467 4388 per
1480 4299 1587 4367 bonos
