3938 5022
405 601 447 669 70
723 612 935 659 cunonrcon
953 611 1283 658 runnouuncnnsn.·

406 777 474 832 tem
498 764 645 851 ejusdem
672 765 857 844 comitatus,
884 765 972 850 quod
995 764 1202 850 distringeret
1223 765 1332 849 ipsum
1356 784 1416 848 pro
1431 783 1486 827 xx.
1502 761 1613 826 solidis

407 890 490 954 quos
498 868 692 954 promiserat
700 869 733 931 in
749 867 938 956 cancellarie
949 867 1073 934 domini
1086 867 1185 953 Regis
1197 889 1256 953 pro
1268 867 1499 952 impetrecione
1513 865 1613 930 trium

407 972 555 1038 brevium
577 970 613 1035 in
633 971 745 1035 eedem
766 970 953 1036 cancellarie
967 971 1225 1057 impetratorum,
1241 979 1275 1035 et
1289 971 1364 1056 quie
1378 970 1542 1056 predictus
1553 967 1577 1033 J
1578 991 1613 1034 o·

407 1077 532 1140 hennes
553 1073 717 1160 predictos
732 1097 786 1140 xx.
802 1074 924 1140 solidos
946 1074 1081 1140 reddere
1101 1073 1309 1152 contradixit,
1324 1072 1491 1139 distrinxit
1503 1071 1612 1157 ipsum

408 1200 466 1264 per
479 1178 645 1264 predictos
659 1176 772 1243 boves.

451 1283 499 1346 Et
522 1281 628 1348 dictus
643 1280 813 1346 Johannes
829 1281 919 1362 dicit,
942 1281 1031 1367 quod
1046 1281 1146 1346 hebet
1159 1285 1331 1347 returnum'
1353 1279 1501 1346 brevium
1527 1279 1612 1345 sicut

408 1385 591 1471 predictum
605 1393 676 1466 est;
710 1384 768 1449 sed
790 1384 871 1450 dicit
885 1385 973 1471 quod
987 1385 1154 1471 predictus
1176 1385 1277 1451 abbas
1304 1384 1391 1470 cepit
1412 1383 1520 1448 everis
1540 1404 1612 1468 pre.-

408 1490 504 1570 dicte,
519 1498 554 1555 et
566 1511 626 1576 per
640 1488 823 1575 predictum
838 1489 1040 1555 Willelmum
1064 1511 1178 1575 cepere
1192 1489 1280 1571 fecit,
1295 1499 1387 1554 extra
1408 1487 1610 1574 precinctum

407 1593 546 1679 predicti
558 1593 732 1673 hundredi,
747 1602 782 1660 et
796 1603 888 1659 extre
901 1593 1085 1659 libertatem
1101 1615 1216 1674 suem3
1236 1603 1272 1659 et·
1284 1593 1412 1658 desicut
1425 1591 1457 1656 ci
1470 1591 1610 1677 aliquem

408 1697 648 1763 districcionem
670 1698 775 1762 fecere
796 1706 890 1763 extra
910 1697 1114 1783 precinctum
1138 1718 1235 1762 suum
1257 1706 1292 1762 et
1313 1695 1497 1761 libertatem
1520 1717 1612 1759 suem

408 1823 468 1887 pro
491 1800 599 1887 aliquo
619 1799 730 1866 debito
755 1800 894 1866 levando
922 1800 1007 1886 petit
1028 1800 1188 1886 judicium
1215 1800 1256 1864 de
1280 1799 1403 1884 injuste
1426 1819 1485 1865 sue
1500 1800 1611 1863 deten-

411 1925 514 1969 crone.

452 2007 499 2070 Et
523 2004 623 2070 ebbae
658 2003 849 2090 dicitquod
878 2004 965 2090 cepit
993 2003 1138 2090 predicta
1162 2003 1269 2070 averia
1292 2014 1326 2070 et
1347 2025 1406 2090 per
1429 2003 1610 2089 predictum

408 2110 610 2176 Willelmum
619 2131 733 2195 cepere
747 2108 835 2188 fecit,
844 2109 927 2173 infre
935 2109 1137 2194 precinctum
1152 2107 1290 2192 predicti
1307 2108 1468 2173 hundredi
1482 2118 1516 2173 et
1529 2107 1612 2174 infra

407 2213 589 2279 libertatem
606 2235 709 2292 suem,
730 2212 819 2277 etde
842 2213 905 2277 hoc
927 2212 1022 2298 ponit
1048 2233 1083 2276 sc
1110 2233 1207 2297 super
1221 2211 1370 2298 petriam,
1388 2222 1424 2278 et
1442 2212 1612 2277 lohannes

408 2315 565 2380 similiter.
610 2315 691 2380 Ideo
706 2311 896 2402 preceptum
911 2323 962 2379 est
976 2312 1160 2379 vicecomiti
1187 2314 1275 2399 quod
1289 2313 1400 2379 venire
1414 2313 1510 2379 faciet
1524 2313 1612 2399 epud

408 2419 583 2506 Sellopiem
607 2419 642 2484 in
666 2418 809 2484 crastino
829 2419 1024 2483 Animamm
1051 2417 1118 2482 .xii.
1144 2438 1203 2502 per
1218 2439 1312 2502 quos,
1335 2427 1398 2484 etc.
1413 2427 1448 2483 et
1473 2418 1529 2504 qui
1550 2439 1611 2484 nec

406 2532 469 2588 etc.
484 2523 526 2586 ed
541 2523 840 2608 recognoscendum
855 2531 917 2587 etc.
933 2521 1009 2606 quie
1023 2529 1091 2585 tem
1106 2527 1168 2585 etc.

449 2626 504 2690 Ad
526 2647 623 2710 quem
645 2625 731 2689 diem
751 2626 859 2710 jurate
884 2645 951 2688 non
977 2623 1068 2688 venit
1091 2631 1126 2687 et
1147 2624 1282 2708 ponitur
1306 2623 1342 2687 in
1370 2633 1522 2708 respectu
1551 2645 1610 2708 pro

407 2729 535 2794 defectu
545 2729 727 2811 juretomm
738 2726 891 2811 usquein
906 2726 1038 2790 octabas
1054 2725 1158 2789 sancti
1174 2725 1294 2804 Illarii3
1309 2734 1344 2789 et
1358 2725 1399 2789 eb
1410 2725 1466 2791 illo
1477 2727 1611 2811 ponitur

405 2833 438 2895 in
454 2839 605 2916 respectu
619 2851 724 2915 usque
735 2828 777 2893 ed
791 2827 990 2914 quindenam
1005 2828 1140 2892 Pesche.
1163 2829 1216 2892 Ad
1231 2849 1329 2913 quem
1345 2829 1432 2893 diem
1446 2829 1611 2914 predictus

406 2935 429 3001 J
430 2935 575 3002 ohannes
589 2934 652 2999 fuit
666 2931 861 3012 essenistus,
872 2941 907 2997 et
920 2931 1021 2997 ebbes
1041 2931 1133 2996 venit
1147 2953 1205 3018 per
1219 2939 1432 3012 ettometum,
1446 2933 1611 3005 ethebent

406 3041 492 3105 diem
506 3059 609 3124 usque
623 3037 658 3102 in
680 3035 812 3102 octabas
828 3045 939 3102 sancte
952 3035 1133 3115 Trinitatis,
1149 3044 1183 3101 et
1204 3045 1284 3100 tunc
1301 3037 1409 3121 jurato
1423 3038 1556 3122 ponitur
1575 3038 1610 3102 in

406 3151 555 3228 respectu
570 3163 673 3230 usque
699 3141 733 3204 in
759 3139 902 3205 crastino
917 3139 1124 3217 Animarum,
1148 3137 1211 3203 nisi
1226 3137 1396 3205 Johennes
1411 3139 1452 3204 de
1467 3141 1611 3207 Luvetot

187 3260 392 3327 (setectum.)
406 3257 440 3312 et
454 3246 639 3313 willelmus
654 3247 695 3311 de
711 3245 916 3330 Brumptone
927 3241 1098 3330 justiciarii
1114 3243 1205 3328 prius
1220 3243 1262 3307 ed
1276 3248 1289 3323 s
1304 3253 1413 3329 portes
1427 3245 1498 3309 illes
1513 3267 1610 3311 vene-

406 3351 482 3416 rint.
523 3351 575 3414 Ad
592 3373 689 3435 quem
712 3349 798 3414 diem
810 3350 918 3434 jurate
940 3347 1058 3412 iterum
1074 3347 1208 3432 ponitur
1232 3347 1266 3410 in
1281 3357 1433 3433 respectu
1447 3369 1551 3433 usque
1575 3349 1610 3412 in

406 3453 602 3539 quindenum
630 3452 764 3531 Pesche,
793 3451 857 3514 nisi
880 3449 958 3514 dicti
984 3451 1154 3514 Johsnnes
1183 3459 1217 3513 et
1241 3449 1437 3528 Willelmus,
1463 3459 1525 3515 etc.
1548 3471 1609 3536 pro

406 3555 533 3620 defectu
540 3556 734 3638 jumtonrm,
746 3552 821 3638 quie
835 3551 945 3618 nullus
956 3559 1035 3616 tunc
1050 3553 1150 3615 venit.
1174 3552 1220 3614 Et
1234 3561 1309 3615 ante
1320 3551 1500 3636 predictum
1512 3552 1609 3634 diem,

405 3655 554 3720 videlicet
569 3655 603 3718 in
618 3654 759 3719 crastino
782 3652 883 3717 clausi
906 3651 1040 3730 Posche,
1066 3651 1157 3716 venit
1171 3653 1259 3737 apud
1274 3652 1422 3738 Burgum
1444 3654 1609 3738 predictus

405 3758 589 3823 Willelmus
605 3756 645 3820 de
661 3758 868 3840 Brumptone
882 3753 923 3818 ed
939 3753 1135 3817 audiendum
1152 3763 1186 3819 et
1196 3755 1409 3838 judicandum
1424 3776 1522 3842 super
1536 3779 1609 3842 pre-

406 3861 513 3925 missis
529 3860 708 3924 sccundum
723 3879 913 3944 processum
927 3866 1149 3944 prenotatum.

448 3964 471 4029 J
472 3973 564 4028 urata
577 3963 667 4028 venit
681 3971 715 4026 et
730 3961 809 4025 dicit
830 3983 889 4046 per
904 3969 1140 4026 sacramentum
1158 3983 1253 4026 suum
1269 3962 1357 4048 quod
1372 3962 1480 4029 dietus
1505 3966 1607 4046 locus,

405 4067 459 4153 qui
477 4075 610 4132 vocetur
627 4065 740 4143 Holm,
766 4073 817 4128 est
832 4063 914 4127 infre
928 4065 1128 4148 procinctum
1145 4065 1307 4130 hundredi
1323 4067 1363 4132 dc
1391 4068 1607 4136 Houkeslewe

404 4181 437 4236 et
451 4172 534 4236 infre
548 4169 732 4236 libertatem
747 4166 876 4232 obbatis
899 4165 1047 4251 predicti,
1069 4167 1126 4233 ubi
1141 4180 1236 4254 cepte
1251 4170 1384 4236 fuerunt
1406 4174 1513 4239 eserie
1535 4196 1607 4258 pre-
