3812 5030
605 641 817 690 ouuosrcou
835 645 1158 692 ruraoauuoeusu.
1443 629 1484 687 53

289 788 398 852 omnia
419 789 562 856 dominia
585 816 644 858 sua
672 817 730 881 per
755 805 858 862 cartas
880 797 1124 883 progenitorum
1146 804 1334 860 nostrorum
1358 795 1485 878 Regum

289 891 416 976 Anglie,
440 915 519 978 quas
543 895 756 981 inspeximus,
781 899 891 985 quieta
916 921 988 964 esse
1018 899 1157 964 debeant
1185 907 1219 962 et
1247 888 1383 962 actenus
1413 918 1485 967 esse

290 1007 526 1061 consueverunt
548 1020 607 1084 per
631 1009 739 1064 totum
753 1023 889 1087 regnum
912 1012 1061 1067 nostrum
1087 1002 1127 1066 de
1154 999 1307 1066 omnibus
1332 997 1486 1085 operibus

289 1116 457 1180 parcorum
473 1110 506 1164 et
520 1101 675 1166 clausuris
689 1103 959 1191 quibuscumque,
977 1116 1015 1169 tu
1028 1103 1197 1170 occasione
1213 1103 1381 1188 cujusdam
1396 1124 1487 1166 man·

289 1199 356 1264 dati
369 1201 473 1266 nostri
488 1201 548 1266 tibi
563 1203 676 1269 directi
699 1207 739 1271 de
755 1207 977 1292 distringendo
997 1229 1111 1272 omnes
1133 1206 1206 1272 illos
1233 1205 1273 1270 de
1287 1205 1406 1270 balliva
1420 1214 1486 1284 tua,

170 1338 176 1351 -
215 1339 221 1350 ·
289 1300 345 1384 qui
357 1324 486 1366 murum
502 1304 589 1389 porci
606 1306 732 1386 nostri(
747 1307 985 1372 Norhamtonie
999 1309 1103 1372 facere
1126 1306 1247 1371 debent
1261 1315 1296 1370 et
1310 1327 1487 1380 consueve-

289 1413 367 1467 runt
381 1404 422 1467 ad
436 1405 609 1471 fracturam
631 1408 778 1492 ejusdem
794 1409 878 1473 muri
892 1409 1114 1494 reparandam,
1139 1408 1321 1493 predictum
1336 1407 1486 1472 abbatem

290 1513 324 1568 et
338 1507 481 1570 dominia
496 1531 556 1573 sua
574 1509 615 1572 ad
630 1509 803 1575 fracturam
829 1511 914 1574 muri
940 1510 1076 1595 predicti
1095 1510 1306 1595 reparandam
1321 1509 1486 1594 distringis

291 1615 325 1670 et
349 1607 509 1692 inquietas
538 1609 648 1674 minus
669 1611 759 1694 juste
788 1610 822 1674 in
847 1611 950 1696 ipsius
976 1611 1154 1696 dampnum
1176 1632 1244 1674 non
1268 1610 1432 1676 modicum
1453 1619 1488 1674 et

291 1730 474 1793 gravamen.
518 1711 564 1774 Et
578 1712 654 1796 quia
674 1713 827 1776 nolumus
842 1712 929 1798 quod
949 1712 1054 1778 eidem
1069 1711 1178 1776 abbati
1192 1712 1364 1796 injurietur
1378 1712 1413 1776 in
1427 1712 1488 1776 hac

291 1819 405 1896 parte3
427 1810 488 1876 tibi
502 1813 699 1899 precipimus
714 1815 802 1899 quod
824 1814 965 1880 eundem
988 1814 1139 1879 abbatem
1162 1823 1196 1879 et
1210 1814 1353 1878 dominia
1368 1836 1426 1878 sua
1448 1813 1488 1878 dc

292 1912 496 1996 reparacione
510 1914 649 1980 fracture
669 1915 813 2001 predicte
837 1915 945 2001 quieta
966 1938 1038 1981 esse
1058 1915 1236 2000 permittas.
1280 1915 1326 1978 Et
1341 1924 1488 1980 tenentes

292 2035 370 2078 suos
385 2015 425 2080 de
449 2015 567 2082 balliva
580 2026 647 2098 tua,
663 2019 719 2103 qui
738 2039 796 2104 per
810 2027 913 2084 cartas
928 2019 1088 2106 predictas
1103 2016 1316 2103 quietanciam
1330 2017 1407 2082 inde
1422 2039 1488 2081 non

291 2115 436 2198 habent3
463 2118 637 2205 distringas
663 2121 704 2184 ad
729 2119 969 2205 reparaoionem
997 2120 1136 2184 fracture
1158 2119 1301 2204 predicte
1323 2139 1383 2203 pro
1412 2140 1488 2205 por·
1580 2183 1583 2188 r

291 2219 438 2284 sionibus
467 2219 557 2304 ipsos
593 2221 856 2307 contingentibus
885 2221 1074 2287 faciendam
1118 2223 1217 2286 Teste
1239 2221 1364 2306 meipso
1401 2221 1488 2306 apud

291 2321 632 2389 Westmonasterium.

335 2425 552 2510 Impetratum
566 2434 617 2490 est
638 2425 726 2490 aliud
741 2424 838 2492 breve
861 2448 920 2511 pro
946 2425 1134 2491 hominibus
1158 2425 1199 2490 de
1214 2425 1322 2489 Nasso
1344 2422 1405 2488 sub
1427 2425 1488 2504 hac

290 2526 453 2592 forma:-
1472 2599 1476 2608 ,

68 2649 270 2696 maurataneae
336 2632 408 2695 Rex
421 2629 604 2696 vicecomiti
619 2630 856 2698 Norhamtonie
872 2631 1020 2697 salutem.
1066 2630 1151 2696 Cum
1177 2650 1281 2714 nuper
1303 2627 1364 2693 tibi
1378 2650 1486 2715 prece-

67 2727 222 2838 2ffi⁰
293 2733 436 2818 perimus
452 2731 540 2817 quod
560 2752 674 2797 omnes
697 2731 770 2798 illos
790 2733 824 2796 in
839 2732 958 2799 balliva
972 2742 1039 2812 tua,
1061 2732 1116 2818 qui
1131 2731 1172 2795 ad
1199 2732 1378 2796 clausuram
1401 2733 1488 2816 parci

69 2843 251 2890 Nortumtouie·
292 2834 396 2900 nostri
425 2833 466 2898 de
491 2829 729 2899 Norhamtonie
763 2845 797 2900 et
825 2835 1064 2921 reparaoionem
1101 2834 1186 2898 muri
1217 2833 1364 2918 ejusdem
1400 2834 1488 2917 parci

292 2945 492 3016 tenerentur,
515 2936 723 3021 distringeres
739 2937 779 3001 ad
801 2939 958 3003 fracturas
981 2937 1128 3023 ejusdem
1143 2935 1406 3020 redintegrandas
1427 2956 1487 3018 pro

291 3037 499 3124 porcionibus
525 3039 603 3118 suis,
629 3040 714 3103 sicut
741 3039 804 3124 ipsi
831 3049 999 3104 eteorum
1025 3047 1244 3102 antecessores
1270 3037 1360 3120 prius
1385 3037 1488 3100 facere

293 3148 541 3218 consueverunt,
564 3161 601 3203 ac
625 3139 761 3205 dilectus
781 3141 876 3205 nobis
896 3141 930 3204 in
947 3140 1079 3204 Christo
1091 3138 1190 3202 abbas
1206 3138 1246 3202 de
1262 3138 1371 3220 Burgo
1386 3137 1490 3200 sancti

295 3242 382 3308 Petri
397 3251 500 3306 cartas
514 3241 781 3326 predecessorum
796 3251 982 3307 nostrorum
998 3243 1123 3326 Regum
1138 3239 1255 3324 Anglie
1270 3259 1378 3302 coram
1393 3235 1489 3301 nobis

293 3343 474 3432 protulerit,
499 3365 557 3429 per
582 3365 662 3428 quas
687 3343 759 3430 ipse
785 3354 819 3410 et
844 3352 993 3409 tenentes
1023 3343 1074 3407 sui
1101 3342 1185 3406 infra
1214 3342 1358 3405 Nassum
1388 3340 1488 3426 Burgi

293 3447 430 3534 predicti
456 3447 496 3512 de
518 3444 670 3510 omnibus
696 3444 848 3530 operibus
872 3465 1042 3530 parcorum
1067 3451 1102 3508 et
1124 3442 1359 3506 clausturamm
1387 3441 1489 3526 quieti

294 3573 367 3618 esse
402 3549 544 3630 debent3
581 3547 641 3613 tibi
679 3548 876 3634 precipimus
905 3548 993 3632 quod
1022 3545 1203 3632 predictum
1242 3543 1393 3609 abbatem
1432 3557 1490 3612 aut

293 3660 443 3718 tenentes
460 3672 536 3716 suos
553 3649 637 3714 infra
652 3649 795 3714 Nassum
812 3648 912 3733 Burgi
938 3647 1073 3734 predicti
1097 3646 1138 3710 ad
1152 3645 1391 3730 reperacionem
1406 3647 1490 3711 muri

293 3755 382 3841 parci
410 3753 547 3840 predicti
566 3774 634 3818 non
656 3752 839 3837 distringas,
866 3751 924 3815 sed
950 3771 1064 3815 omnes
1089 3748 1168 3813 alios
1191 3756 1340 3812 tenentes
1363 3768 1439 3812 suos
1454 3749 1489 3812 iu

295 3858 412 3923 ballivo
436 3857 580 3944 predicta
605 3855 661 3942 qui
686 3856 727 3920 ad
750 3853 990 3939 reparationem
1013 3850 1189 3938 predictam
1216 3859 1377 3928 tenentur,
1400 3872 1488 3915 com-

295 3961 395 4046 pellas
420 3961 462 4024 ad
476 3981 605 4024 murum
627 3959 715 4043 parci
735 3958 822 4023 illius
848 3955 1062 4042 reparandum
1082 3954 1175 4038 juxta
1200 3952 1336 4018 formam
1358 3952 1488 4018 alterius

294 4061 438 4127 mandati
463 4063 567 4128 nostri
581 4061 642 4127 tibi
655 4062 731 4128 inde
747 4059 870 4128 directi.
914 4059 1012 4126 Teste
1032 4057 1096 4122 xxi.
1113 4057 1165 4121 die
1180 4055 1376 4121 Novembris
1402 4077 1488 4120 anno

294 4165 430 4231 decimo.
