3894 5024
173 1514 287 1566 (traham.

398 619 459 677 140
713 631 925 678 onnonrcon
944 631 1270 677 rnrnoavaannse.

395 783 526 850 iacturis
541 783 711 850 hominum
727 805 860 850 suorum
875 785 950 848 inde
965 782 1243 870 provenientibus.
1288 781 1333 847 Et
1348 781 1457 848 dehita
1469 782 1593 854 domini

397 886 494 971 Regis
516 887 632 966 levare,
648 895 681 951 et
702 885 777 950 inde
792 886 834 950 ad
849 885 1050 951 scaccarium
1065 885 1190 952 domini
1212 885 1311 972 Regis
1325 885 1521 971 respondere
1535 907 1594 971 per

395 1011 528 1053 manum
544 1011 647 1054 suam.

442 1093 514 1157 Has
536 1092 703 1157 libertates
726 1093 843 1158 clamat
856 1092 974 1158 habere
988 1114 1047 1178 per
1061 1101 1165 1158 cartas
1180 1092 1304 1159 domini
1327 1092 1435 1178 Regis,
1450 1113 1513 1178 que
1528 1101 1593 1156 tes-

396 1205 517 1259 tantur.
562 1195 603 1258 ln
618 1193 788 1281 Osgoteby
803 1205 880 1260 sunt
905 1204 971 1261 tres
995 1207 1143 1262 carucate
1163 1207 1258 1278 terre,
1279 1218 1342 1280 que
1358 1194 1507 1261 solebant
1520 1215 1593 1259 esse

396 1297 582 1384 geldabiles,
596 1307 631 1364 et
645 1307 723 1363 sunt
738 1298 901 1365 subtracte
916 1309 1063 1384 tempore
1079 1300 1218 1366 Galfridi
1237 1300 1278 1366 de
1298 1299 1419 1366 Sancto
1431 1297 1592 1363 Medardo

396 1403 437 1466 de
451 1402 547 1467 feodo
561 1401 688 1466 abbatis
704 1402 744 1466 de
760 1403 870 1488 Burgo
887 1403 990 1468 sancti
1006 1405 1105 1470 Petri.
1610 1398 1612 1404 ’

439 1503 564 1569 Dicunt
587 1504 673 1590 quod
698 1503 797 1569 abbas
813 1505 854 1569 de
879 1506 990 1592 Burgo
1011 1507 1114 1573 sancti
1141 1507 1227 1572 Petri
1254 1507 1341 1592 capit
1366 1505 1536 1572 emendam
1551 1503 1593 1569 de

394 1607 496 1672 assisa
510 1607 603 1692 panis
619 1616 653 1671 et
678 1607 812 1673 cervisie
826 1630 893 1674 non
909 1607 1081 1674 observata
1094 1609 1178 1673 infra
1192 1609 1324 1674 feodum
1340 1631 1437 1673 suum
1452 1609 1493 1673 de
1509 1607 1592 1672 Gra·

394 1708 481 1789 ham,
493 1719 528 1776 et
541 1709 640 1775 habet
655 1710 884 1790 standardum,
899 1719 934 1775 et
948 1710 1095 1774 similiter
1109 1710 1208 1775 habet
1221 1711 1329 1776 visum
1344 1711 1445 1776 franci
1460 1710 1567 1797 plegii.

173 1821 232 1881 (sol.
245 1836 309 1870 cxxv·
322 1823 368 1884 a.)
425 1818 451 1896 ΙΙ
459 1813 584 1878 Dicunt
599 1813 697 1878 etiam
712 1813 801 1899 quod
816 1815 963 1898 Rogatus
978 1812 1009 1877 le
1030 1813 1106 1878 Keu
1120 1822 1213 1878 tenet
1226 1813 1393 1878 dimidiam
1409 1813 1591 1880 carucatam

171 1936 251 1984 Nesso.

173 2122 355 2198 linntcndonie-

391 1924 475 1980 terre
491 1916 532 1980 de
539 1915 635 1980 feodo
650 1916 692 1979 de
707 1915 821 1979 Gaunt
831 1915 866 1979 in
880 1914 1055 2002 Thorleby,
1070 1937 1132 2001 que
1148 1916 1273 1982 solebat
1287 1937 1359 1981 esse
1368 1916 1547 2001 geldabilis,
1558 1927 1593 1983 et

391 2019 491 2083 modo
512 2018 629 2082 elamat
637 2040 709 2083 esse
719 2017 854 2083 liberam
863 2019 1053 2083 auctoritate
1063 2019 1189 2085 abbatis
1202 2020 1242 2084 de
1252 2020 1363 2105 Burgo
1376 2020 1480 2084 saneti
1493 2021 1592 2087 Petri.

436 2120 512 2187 Quo
528 2121 685 2186 Warento
706 2120 893 2186 libertatum
908 2121 1046 2186 Abbatis
1068 2123 1109 2186 de
1130 2123 1250 2186 Tornei
1273 2144 1380 2187 coram
1403 2113 1590 2208 justiciariis

393 2223 479 2308 apud
505 2224 776 2290 Huntendoniam
803 2224 843 2289 de
869 2225 1039 2289 hundredo
1066 2225 1106 2289 de
1132 2225 1363 2305 Normancros‚
1389 2248 1475 2292 anno
1501 2227 1591 2312 regni

392 2326 488 2412 Regis
505 2327 656 2394 Edwardi
672 2352 692 2393 x

433 2428 545 2494 Abbas
571 2431 611 2495 de
635 2431 755 2497 'l'ornei
779 2432 999 2498 summonitus
1024 2433 1085 2498 luit
1110 2434 1151 2499 ad
1176 2432 1440 2519 respondendum
1456 2433 1590 2499 domino

393 2530 473 2614 Regi
501 2532 541 2596 de
567 2533 685 2616 placito
701 2556 765 2618 quo
780 2543 922 2600 warento
938 2536 1056 2600 elamat
1082 2535 1200 2600 habere
1225 2535 1432 2601 hundredum
1448 2537 1488 2601 de
1504 2537 1591 2601 Nor-

391 2653 551 2712 mancros‚
576 2643 610 2698 et
632 2656 696 2718 quo
720 2645 862 2700 warento
877 2637 994 2702 clamat
1017 2637 1135 2703 habere
1159 2648 1336 2704 mereatum
1359 2649 1393 2704 et
1417 2639 1529 2704 feriam
1555 2640 1590 2704 in

390 2733 413 2797 J
414 2731 504 2796 akele
519 2743 553 2797 et
568 2733 781 2814 Wodestone,
796 2746 831 2800 et
844 2736 950 2800 visum
966 2739 1068 2802 franci
1083 2739 1180 2824 plegii
1191 2750 1226 2805 et
1239 2743 1325 2828 weyt
1336 2741 1370 2805 in
1388 2741 1591 2821 cestretona,

391 2834 558 2900 Overtona
573 2835 773 2915 watervilla,
788 2838 957 2903 Overtona
971 2840 1174 2926 Lungevilla,
1190 2842 1382 2924 Morbume,
1394 2844 1589 2930 Wassingle,

391 2938 506 3003 Santre
535 2938 565 3002 le
596 2938 731 3025 Moyne,
761 2940 982 3026 Ludingtona,
1011 2942 1137 3023 Jakele,
1167 2945 1365 3031 stangrund,
1395 2947 1589 3027 Farsheved,

391 3041 555 3120 Neutona,
570 3041 755 3123 Sibertona,
770 3043 987 3130 Stihingtona,
1003 3046 1253 3128 Walmesforde,
1277 3050 1451 3130 Haddona,
1466 3051 1589 3116 Wode·

390 3155 495 3226 stone,
506 3168 569 3231 que
585 3145 625 3210 ad
640 3145 749 3230 ipsum
763 3147 883 3233 Regem
900 3158 933 3213 et
948 3159 1063 3230 cetera,
1075 3150 1145 3215 sine
1156 3153 1290 3218 licencia
1300 3162 1334 3218 et
1343 3154 1513 3220 voluntate
1528 3165 1589 3221 etc.

434 3250 480 3313 Et
493 3249 594 3315 abbas
609 3271 667 3335 per
682 3259 881 3315 attornatum
897 3274 994 3317 suum
1003 3253 1139 3319 renitet
1154 3255 1233 3322 dicit
1247 3279 1312 3342 quo
1327 3257 1368 3320 ad
1384 3258 1589 3324 hundredum

394 3353 434 3417 de
449 3353 692 3431 Normancros3
715 3354 803 3438 quod
818 3354 1004 3420 Willehnus
1020 3357 1091 3421 Rex
1108 3358 1289 3443 Anglorum
1304 3360 1590 3426 concessitabbati

391 3465 425 3519 et
439 3456 606 3521 monachis
622 3457 662 3520 de
677 3457 840 3521 Thorneia
854 3458 1060 3523 hundredum
1076 3461 1116 3526 de
1132 3460 1352 3527 Normancros
1368 3463 1408 3526 ad
1433 3462 1520 3526 feodi
1535 3462 1590 3525 fir-

391 3577 477 3620 mam
502 3558 668 3622 annuatim
694 3580 754 3643 pro
770 3581 798 3624 c.
814 3560 926 3626 solidis
948 3562 1121 3628 reddendis
1136 3564 1316 3630 vicecomiti
1344 3563 1589 3629 Huntendonie.

390 3657 481 3722 Dicit
496 3658 592 3722 etiam
605 3659 692 3740 quod
709 3659 873 3726 Henricus
886 3662 1143 3748 RexAnglorum
1159 3687 1217 3750 per
1232 3679 1351 3744 cartam
1367 3663 1505 3728 contulit
1515 3687 1589 3750 pre·

391 3761 478 3825 dicto
493 3760 603 3825 abbati
626 3771 660 3826 et
684 3764 860 3827 conventui
885 3764 1090 3828 hundredum
1107 3767 1146 3830 de
1162 3768 1383 3831 Normancros
1409 3769 1589 3836 tenendum

390 3865 431 3928 de
454 3864 527 3949 ipso
542 3865 583 3928 ad
609 3863 697 3929 feodi
720 3864 846 3930 firmam
862 3887 932 3951 pro.
949 3888 976 3931 c.
993 3867 1105 3932 solidis
1120 3869 1288 3934 annuatim
1315 3871 1488 3936 reddendis
1503 3873 1589 3941 vice-

390 3967 501 4033 comiti
528 3967 774 4033 Huntendonie.
820 3968 911 4034 Dicit
936 3969 1033 4033 etiam
1056 3972 1144 4056 quod
1170 3973 1322 4038 dominus
1338 3974 1501 4041 Henricus
1517 3979 1589 4042 Rex

389 4071 515 4156 Anglie,
531 4072 597 4136 dux
610 4069 810 4137 Normannie
827 4081 859 4137 et
874 4071 1057 4157 Aquitania,
1075 4076 1235 4142 concessit
1249 4077 1359 4144 abbati
1373 4089 1407 4144 et
1421 4080 1588 4146 monachis

390 4175 430 4238 de
447 4175 586 4241 Torneia
609 4175 815 4241 hundredum
831 4177 871 4242 de
887 4177 920 4241 N
922 4198 1106 4244 ormancros
1122 4179 1156 4245 in
1171 4181 1258 4248 feodi
1281 4181 1406 4248 firmam
1421 4181 1588 4248 annuatim
