3812 5030
198 3679 225 3726 1·
236 3681 355 3740 excepcic.

419 563 462 620 48
738 571 951 618 canonicos
969 572 1295 616 annnosunosssa.

419 727 498 814 ipsis
512 726 628 791 litteris
643 723 831 810 provisoriis
846 723 1042 802 continetur,
1063 723 1210 810 predicto
1226 723 1360 787 domino
1375 723 1529 811 episcopo
1544 746 1620 809 por-

419 829 565 915 rigebat3
589 828 701 893 audito
728 827 817 913 quod
842 826 978 891 ecclesia
1003 827 1044 891 de
1071 826 1245 912 cloptona,
1260 827 1353 911 cujus
1377 827 1455 892 dicti
1479 827 1622 914 religiosi

419 933 548 1019 patroni
562 932 717 1010 existunt,
732 953 791 1016 per
806 939 943 994 mortem
960 929 1084 994 domini
1097 930 1120 995 J
1122 930 1258 995 ohannis
1274 930 1315 994 de
1331 930 1537 995 Camerwelle
1552 952 1621 995 rec-

419 1035 499 1099 toris
515 1036 660 1120 ejusdem
670 1045 749 1099 tunc
763 1035 910 1114 vacavit3
935 1033 1054 1097 auditis
1077 1033 1178 1097 eciam
1194 1042 1228 1097 et
1241 1032 1414 1097 intellectis
1430 1033 1619 1118 hujusmodi

419 1137 533 1201 litteris
549 1137 749 1222 provisoriis,
758 1137 931 1222 episcopus
946 1133 1111 1220 predictus
1125 1133 1265 1198 inhiberi
1279 1133 1356 1198 fecit
1370 1133 1480 1198 abbati
1494 1143 1528 1199 et
1541 1156 1618 1199 con-

419 1239 533 1304 ventui
556 1240 709 1326 predictis
728 1262 769 1304 ne
792 1239 960 1304 ecclesiam
986 1238 1027 1301 de
1052 1235 1216 1322 Cloptona
1240 1237 1498 1322 prenominatam
1523 1238 1618 1302 alicui

419 1344 666 1409 conferrentnec
676 1344 817 1428 aliquem
828 1343 869 1406 ad
879 1342 1015 1407 eandem
1025 1339 1340 1426 presentarent,quia
1349 1340 1539 1406 intendebat
1547 1363 1619 1427 pre-

420 1446 507 1511 dicto
519 1446 685 1511 Willelmo
701 1445 741 1510 de
757 1447 868 1511 eadem
884 1444 1054 1531 providere
1072 1445 1168 1528 juxta
1189 1443 1377 1507 mandatum
1403 1444 1618 1528 apostolicum

419 1559 644 1614 memoratum.
690 1548 781 1615 Fecit
799 1549 900 1614 eciam
919 1548 1005 1612 idem
1021 1547 1193 1632 episcopus
1208 1545 1359 1611 abbatem
1374 1555 1408 1610 et
1422 1557 1618 1612 conventum

418 1654 561 1739 prefatos
577 1674 685 1718 coram
697 1673 736 1716 eo
749 1652 876 1716 evocari
885 1651 926 1715 ad
940 1649 1190 1736 proponendum
1204 1649 1238 1713 in
1248 1648 1416 1734 presencia
1431 1671 1489 1712 sua
1504 1650 1618 1734 siquid

418 1778 478 1840 pro
494 1778 528 1820 se
543 1755 700 1820 haberent
715 1776 812 1840 quare
827 1755 868 1818 ad
882 1754 1102 1840 provisionem
1124 1763 1335 1817 memoratam
1356 1753 1528 1837 procedere
1551 1775 1618 1818 non

420 1858 561 1923 deberet.
607 1858 682 1923 Qua
697 1857 759 1935 die,
775 1857 895 1920 scilicet
911 1855 963 1920 die
978 1855 1134 1919 Mercurii
1149 1856 1296 1941 proxima
1310 1866 1387 1941 post
1401 1855 1520 1920 festum
1536 1856 1617 1922 Om-

418 1961 510 2024 nium
520 1960 725 2038 Sanctorum,
740 1959 827 2044 apud
842 1957 1026 2022 Edeleburc
1036 1958 1117 2044 ipsis
1137 1959 1294 2044 religiosis
1310 1981 1368 2045 per
1379 1971 1618 2045 procuratorem

419 2061 632 2127 sufficientem
648 2082 685 2124 ac
709 2060 796 2124 dicto
823 2059 988 2124 Willelmo
1008 2059 1168 2145 Campiun
1194 2062 1407 2147 personaliter
1430 2084 1618 2148 comparen-

418 2165 518 2244 tibus,
533 2165 620 2230 idem
631 2173 819 2250 procurator
830 2163 975 2248 optinuit
988 2163 1133 2228 libellum
1149 2165 1435 2230 convencionalem
1444 2177 1478 2231 et
1491 2167 1616 2252 copiam

417 2269 597 2333 litterarum
619 2265 871 2352 provisoriarum
886 2264 1105 2350 predictarum
1120 2289 1157 2331 ac
1174 2268 1311 2332 aliorum
1325 2269 1617 2334 instrumentorum

414 2369 626 2456 judicialium,
641 2377 675 2432 et
689 2366 751 2431 fuit
766 2367 835 2432 dies
850 2366 904 2431 ille
932 2366 1088 2431 Mercurii
1114 2369 1324 2434 continuatus
1339 2370 1491 2456 usquein
1507 2373 1618 2436 crasti-

417 2495 498 2536 num
523 2473 594 2537 loco
621 2492 686 2556 quo
709 2471 810 2556 prius.
856 2471 931 2536 Quo
956 2470 1019 2550 die,
1042 2472 1206 2556 predictus
1233 2483 1421 2558 procurator
1444 2474 1485 2538 de
1507 2474 1616 2560 Burgo

417 2584 485 2638 tam
501 2585 613 2639 contra
627 2595 799 2658 personam
815 2573 972 2636 Willelmi
991 2573 1161 2659 Campyon
1177 2598 1273 2660 quam
1296 2577 1393 2641 ctiam
1415 2587 1527 2641 contra
1541 2599 1616 2662 pro-

417 2676 576 2740 visionem
602 2697 699 2760 quam
724 2673 896 2758 episcopus
921 2674 961 2737 de
984 2675 1119 2740 ecclesia
1141 2677 1181 2741 de
1198 2677 1360 2763 Cloptone
1383 2679 1489 2743 eidem
1512 2680 1615 2745 lacere

417 2775 618 2854 intendebat,
633 2775 805 2862 proposuit
820 2777 1027 2861 exceptiones
1043 2777 1253 2865 subscriptas,
1269 2781 1330 2845 sub
1346 2782 1405 2846 hac
1419 2783 1585 2846 formar—

462 2879 581 2944 Coram
606 2878 700 2944 vobis
735 2879 912 2943 reverendo
942 2888 1033 2963 patre
1063 2880 1194 2946 Olivero
1224 2883 1288 2948 Dei
1317 2884 1418 2968 gratia
1447 2884 1616 2950 Lineolnie

417 2984 594 3070 Episcopo,
627 2982 794 3069 provisore
829 2981 985 3046 Willelmi
1012 2983 1174 3069 Campiun
1204 2986 1244 3051 de
1271 2986 1467 3072 Irtlingburc
1495 3011 1514 3052 a
1539 2989 1616 3054 sede

417 3087 594 3174 apostolice
617 3088 784 3172 deputato,
809 3107 869 3170 ego
898 3086 997 3151 frater
1019 3087 1214 3152 Willielmus
1241 3089 1282 3154 de
1305 3089 1505 3154 Wodefordu
1527 3113 1615 3157 com·

417 3192 595 3258 monachus
611 3202 645 3256 et
659 3200 848 3277 procurator
862 3189 1084 3276 religiosorum
1095 3193 1238 3258 virorum
1254 3193 1378 3258 abbatis
1394 3203 1427 3258 et
1436 3206 1615 3261 conventus

418 3297 458 3360 de
483 3295 593 3380 Burgo
617 3293 720 3358 sancti
747 3293 846 3371 Petri,
869 3305 982 3358 contra
1005 3295 1145 3359 eundem
1161 3296 1362 3361 Willelmum
1384 3298 1556 3384 Campyun
1579 3323 1615 3366 ac

417 3399 487 3481 ejus
502 3396 648 3460 libellum
664 3417 722 3459 seu
736 3395 932 3479 peticionem
954 3395 988 3459 in
1011 3398 1145 3482 negocio
1160 3399 1355 3483 provisionis
1371 3401 1517 3486 ejusdem
1533 3401 1616 3466 er-

416 3499 505 3563 lelmi
530 3496 635 3576 vobis,
659 3506 698 3561 ut
725 3506 907 3580 pretsctum
937 3509 998 3578 est,
1028 3499 1212 3577 commisso,
1240 3503 1373 3567 nomine
1394 3505 1614 3589 procuratorio

417 3601 562 3687 ipsorum
583 3599 775 3685 excipiendo
790 3599 937 3664 dilatoris
963 3622 1123 3686 propono,
1138 3603 1225 3688 quod
1247 3626 1322 3668 cum
1337 3605 1459 3670 eisdem
1474 3607 1615 3671 dominis

417 3703 498 3768 meis
514 3701 590 3766 sita
605 3701 681 3766 sede
696 3701 874 3785 apostolica
889 3701 1070 3788 specialiter
1090 3705 1255 3771 indultum
1270 3717 1308 3772 ut
1323 3708 1405 3772 nulli
1419 3731 1477 3793 per
1491 3709 1614 3775 litteras

416 3804 610 3891 apostolicas
621 3804 673 3868 vel
686 3805 865 3888 legatorum
881 3805 1058 3890 apostolice
1073 3807 1158 3872 sedis
1174 3809 1214 3874 de
1225 3809 1383 3875 beneficio
1399 3812 1615 3878 ecclesiastico

416 3908 469 3972 vel
483 3908 641 3993 pensione
657 3916 829 3970 teneantur
843 3907 1024 3992 providere,
1039 3909 1102 3973 nisi
1121 3909 1155 3973 in
1182 3910 1304 3977 eisdem
1329 3913 1445 3979 litteris
1465 3915 1560 4001 plena
1582 3925 1616 3980 et

416 4030 568 4096 expressa
582 4009 623 4075 de
644 4009 832 4094 hujusmodi
854 4008 1062 4093 indulgencia·
1079 4011 1204 4076 mencio
1230 4013 1396 4096 habeatur,
1412 4015 1518 4086 littere
1540 4037 1615 4102 pro-
