3812 5030
417 1099 794 1193 CHRONIOON
842 1099 1409 1196 PETROBURGBNSB.

715 1419 785 1481 [us.
804 1419 859 1468 soc.
873 1419 959 1482 susq.
993 1419 1042 1468 uo.
1055 1419 1107 1481 oc]

197 1653 300 1702 Menti.
357 1633 433 1698 Hoc
448 1653 533 1697 anno
556 1631 743 1696 Hendricus
766 1631 838 1695 Rex
863 1630 962 1695 filium
978 1631 1069 1696 ducis
1094 1633 1238 1697 Lovsnie
1258 1653 1391 1697 uxorem
1408 1633 1510 1697 duxit.

94 1731 155 1797 (fot.
167 1733 301 1799 cassim.)
315 1733 475 1798 Badulfus
490 1732 751 1818 archiepiscopus
768 1731 941 1798 Cantusrie
956 1732 1048 1798 obiit.
1095 1733 1259 1798 Successit
1274 1733 1470 1800 Willelmus.

189 1848 301 1902 Mcxxiii.

178 1953 301 2003 Meuius.
356 1937 564 2002 'I'erreruotus
582 1935 617 1999 in
632 1935 794 2020 Angliam.

199 2059 301 2109 Mexxv.
358 2040 453 2106 Obiit
477 2040 645 2106 Johannes
670 2038 770 2104 abbas
796 2039 909 2124 Burgi,
933 2038 988 2124 qui
1018 2039 1167 2104 fundavit
1190 2060 1308 2104 novam
1334 2041 1513 2106 ecclesiam.

313 2145 471 2210 'l'onitrua
485 2144 595 2208 audita
610 2153 687 2208 sunt
701 2165 776 2208 cum
791 2153 891 2209 vento
906 2150 940 2206 et
953 2143 1119 2227 grandine.
1159 2142 1306 2208 calixtus
1322 2167 1407 2231 papa
1420 2145 1509 2211 obiit

315 2249 478 2314 Successit
494 2249 674 2313 Honorius.

187 2351 299 2401 Mexxvt.
357 2351 542 2417 Willelmus
557 2349 730 2415 cantuarie
745 2347 1101 2434 archiepiscopusobiit.
1150 2349 1221 2413 Rex
1237 2349 1422 2414 Hendricus
1437 2351 1514 2416 fecit

313 2453 451 2519 barones
467 2475 543 2517 suos
559 2452 703 2537 adjurare
715 2450 865 2536 Angliam
877 2449 1009 2514 Matildi
1022 2449 1087 2514 filie
1103 2471 1160 2514 sue
1175 2449 1295 2514 heredi.

181 2558 302 2609 Mcxxvii.

175 2675 302 2726 Mexxvut
359 2658 425 2723 Hic
451 2653 613 2720 Henricus
639 2651 739 2718 abbes
765 2651 1009 2738 Andegavensis
1032 2651 1166 2718 ecclesie
1195 2651 1345 2738 precibus
1371 2653 1515 2740 optinuit

315 2759 476 2826 abbatiam
492 2755 593 2842 Burgi
607 2778 627 2821 a
640 2776 714 2841 rege
730 2754 908 2820 Hendrico.

186 2865 300 2914 Menix.

197 2978 302 3027 Mem.
359 2967 425 3033 Hic
439 2965 586 3031 dedicato
599 2971 651 3030 est
664 2961 798 3029 ecclesis
813 2959 936 3026 Christi
952 2961 1136 3026 cantuarie.

188 3068 301 3119 Mcxxxi.

177 3181 300 3230 Mcxxxii.
359 3170 424 3236 Hic
441 3166 604 3233 Henricus
619 3165 729 3244 abbas,
742 3163 875 3229 dimissa
889 3163 1018 3228 abbatia
1032 3163 1144 3248 Burgi,
1159 3164 1200 3227 ad
1215 3164 1353 3246 primam
1365 3167 1469 3230 rediit.

168 3294 301 3346 Monuit
358 3272 434 3337 Hoc
464 3289 550 3334 anno
578 3266 641 3332 fuit
666 3267 787 3331 electus
816 3264 917 3330 abbas
946 3263 1123 3344 Martinus,
1151 3264 1186 3329 in
1217 3265 1269 3330 die
1294 3267 1396 3332 sancti
1427 3268 1513 3334 Petri

95 3553 299 3617 (sd'm‘m')
355 3577 503 3646 Ecclesia
521 3575 624 3642 sancti
640 3574 732 3641 Pauli
747 3571 906 3640 conbusta
920 3581 980 3638 est.
1025 3571 1119 3638 Obiit
1136 3571 1299 3638 Henricus
1314 3595 1372 3638 rex
1386 3577 1512 3663 Anglie,

178 3667 299 3716 Momv.
312 3705 398 3750 anno
412 3679 503 3767 regni
516 3677 619 3764 ipsius
634 3699 731 3742 xxxv.
776 3675 938 3740 Successit
953 3674 1139 3759 Stephanus
1153 3695 1262 3740 comes
1278 3675 1454 3742 Blesensis.

169 3797 299 3849 Momvi.
356 3785 450 3852 Obiit
462 3783 647 3850 willelmus
663 3779 836 3846 cantuarie
851 3777 1121 3864 archiepiscopus.

158 3900 296 3952 Momvit.
354 3887 483 3953 Bellum
511 3886 597 3950 inter
625 3881 779 3968 Anglicos
808 3889 843 3946 et
871 3879 1015 3946 Scottos.
1086 3878 1181 3945 Obiit
1214 3879 1419 3962 Lodowious,
1454 3906 1510 3949 rex

309 3992 456 4060 Francis.
508 3987 672 4055 Successit
695 3983 889 4050 Lodowicus
910 3983 997 4050 filius
1023 3985 1105 4070 ejus.
1151 3983 1312 4050 standard
1341 3986 1405 4051 tuit
1426 3986 1511 4052 inter

307 4115 415 4182 regem
426 4102 460 4159 et
474 4091 663 4177 episcopum
679 4088 931 4153 Eboracensem.

352 4243 465 4290 CAMD.
482 4239 556 4284 Soc·
1315 4231 1338 4274 B
