3812 5030
420 608 463 666 50
739 617 952 663 osnonroos
971 615 1296 662 sarnosuaoasss.

420 768 667 838 condicionibus
682 789 740 853 per
755 766 1076 834 Officialemdomini
1096 764 1312 833 archidiaconi
1327 763 1564 831 Norhamtonie
1579 765 1621 828 de

417 873 571 940 mandato
586 879 696 936 vestro
712 872 797 936 facta
812 872 898 936 dicat
913 873 1021 958 ipsum
1036 872 1167 958 penitus
1183 891 1254 935 esse
1268 869 1428 953 ignotum.

462 977 630 1041 Protestor
643 975 740 1040 etiam
757 976 797 1040 de
813 976 883 1040 aliis
898 975 1148 1062 exceptionibus
1159 985 1193 1038 et
1204 971 1447 1040 defensionibus
1458 971 1619 1036 dictorum

419 1075 626 1142 dominorum
642 1097 799 1155 meorum,
814 1098 874 1162 pro
889 1077 961 1142 loco
977 1087 1011 1142 et
1024 1086 1172 1161 tempore
1187 1073 1408 1159 proponendis
1424 1082 1492 1138 tam
1507 1083 1620 1140 contra

419 1199 592 1264 personam
608 1177 685 1242 dicti
701 1177 858 1242 Willelmi
873 1201 971 1263 quam
991 1188 1104 1244 contra
1117 1178 1241 1242 litteras
1256 1177 1360 1261 ipsius
1376 1185 1570 1240 memoratas
1585 1185 1619 1240 et

419 1303 529 1348 earum
543 1279 623 1359 vim,
637 1279 801 1358 effectum,
817 1301 875 1344 seu
889 1280 1054 1346 virtutem.

462 1386 542 1450 Post
564 1381 759 1468 prescriptos
789 1383 1000 1469 excepciones
1029 1383 1225 1469 propositas,
1260 1383 1413 1448 dominus
1443 1382 1616 1468 episcopus

417 1488 547 1553 easdem
564 1486 714 1570 signavit.

458 1590 505 1655 Et
524 1589 630 1654 dictus
645 1588 831 1653 Willelmus
848 1587 1021 1673 Oampim,
1035 1587 1163 1652 traditis
1182 1586 1245 1651 sibi
1259 1586 1509 1672 excepcionibus
1523 1585 1618 1671 ipsis,

415 1693 513 1758 alium
542 1692 687 1756 libellum
718 1692 863 1777 porrexit
885 1689 1171 1756 convencionalem
1197 1699 1232 1754 et
1261 1689 1396 1754 tradidit
1417 1690 1617 1774 procuratori

415 1805 598 1882 prenotate.
643 1795 689 1858 Et
718 1795 904 1880 Episcopus
933 1794 1098 1880 predictus
1128 1793 1233 1857 eidem
1262 1793 1464 1878 procuratori
1493 1815 1529 1858 ac
1558 1793 1617 1857 do-

416 1899 513 1962 minis
537 1897 605 1961 suis
634 1897 670 1960 in
699 1919 839 1983 persona
868 1897 971 1982 ipsius
997 1896 1128 1980 prefixit
1157 1896 1244 1960 diem
1266 1895 1419 1981 proximo
1441 1895 1618 1981 juridicum

415 2008 491 2063 ante
520 1998 640 2062 festum
671 2006 782 2060 sancte
813 1997 969 2061 Katerine
994 1997 1081 2082 apud
1112 1998 1273 2062 Brakkele
1297 1998 1338 2062 ad
1368 1998 1616 2083 proponendum

416 2101 531 2175 adhuc,
563 2099 591 2162 si
621 2099 701 2184 quid
729 2099 816 2164 aliud
846 2121 906 2184 pro
936 2121 971 2164 se
1012 2099 1171 2165 haberent
1199 2123 1297 2186 quare
1328 2102 1369 2168 ad
1397 2101 1617 2186 provisionem

414 2203 594 2287 predictam
619 2223 688 2265 non
712 2211 800 2266 esset
825 2193 1089 2288 procedendum}
1116 2214 1150 2268 et
1172 2205 1301 2289 utrique
1325 2204 1411 2289 parti
1434 2205 1475 2268 ad
1498 2205 1618 2292 facien·¹

415 2307 552 2371 dumet
577 2303 799 2389 recipiendum
835 2327 934 2389 super
957 2305 1034 2370 hinc
1063 2307 1139 2372 inde
1163 2307 1350 2391 propositis,
1375 2307 1463 2392 quod
1485 2308 1615 2392 justicia
1691 2351 1694 2356 -

415 2409 575 2473 suaderet.
620 2407 751 2474 Quibus
775 2407 828 2472 die
853 2417 887 2472 et
908 2409 979 2473 loeo
1002 2409 1155 2493 predictis
1187 2407 1344 2494 religiosis
1374 2431 1433 2494 per
1462 2419 1613 2494 procura-

415 2521 520 2586 torem
537 2533 643 2589 suum,
659 2533 696 2574 ac
711 2511 799 2574 dioto
814 2510 982 2576 Willelmo
993 2512 1165 2597 Campyun
1175 2513 1389 2598 personaliter
1403 2533 1510 2577 coram
1526 2513 1613 2578 dicto

414 2614 580 2697 Episcopo
609 2634 669 2697 pro
699 2613 853 2678 tribunali
883 2613 1017 2679 sedente
1044 2614 1319 2697 comparentibus,
1344 2614 1551 2699 recitatisque
1578 2616 1612 2680 in

412 2715 535 2800 judicio
549 2735 657 2778 coram
672 2713 728 2778 illo
743 2713 995 2798 excepcionibus
1009 2715 1184 2800 predictis3
1206 2717 1318 2781 habita
1332 2716 1467 2803 insuper
1480 2717 1613 2782 alterca-

415 2818 507 2882 cione
521 2817 606 2881 inter
620 2825 729 2902 partes
745 2839 843 2902 super
858 2817 1000 2898 eisdem3
1023 2819 1156 2883 demum
1171 2820 1316 2904 prefatus
1330 2821 1503 2905 episcopus
1515 2821 1615 2884 inter-

414 2919 577 3006 loquendo
600 2919 829 3004 pronunciavit
850 2920 928 2994 ¹fore
950 2919 1193 3005 procedendum
1223 2919 1263 2984 ad
1286 2921 1507 3007 provisionem
1536 2923 1616 2988 dicti

415 3023 572 3090 Willelmi
588 3023 628 3088 de
643 3023 790 3087 Ecclesia
802 3023 842 3087 de
855 3022 1020 3108 Cloptona
1034 3021 1179 3108 predicta
1193 3045 1260 3087 non
1276 3023 1482 3091 obstantibus
1498 3046 1614 3111 excep·

415 3129 563 3194 sionibus
578 3126 822 3212 prenominatis.
860 3127 1052 3192 Procurator
1066 3147 1143 3192 vero
1157 3126 1380 3211 religiosorum
1394 3127 1613 3213 predictorum

414 3230 455 3296 ab
470 3232 657 3317 hujusmodi
671 3230 913 3296 interlocutoria
928 3251 987 3294 seu
1000 3229 1272 3314 pronunciacione
1284 3230 1393 3294 sedem
1403 3231 1613 3315 apostolicam

414 3342 448 3399 et
463 3335 572 3398 sedem
589 3333 763 3396 Cantuarie
785 3355 845 3418 pro
860 3333 1002 3396 tuicione
1017 3330 1243 3417 appellationis
1267 3331 1308 3395 ab
1330 3332 1444 3396 eodem
1460 3333 1613 3418 episcopo

413 3434 630 3498 incontinenti
645 3434 801 3516 legittime
816 3434 1001 3518 appellavit.
1047 3434 1112 3498 Sed
1134 3433 1306 3518 episeopus
1329 3434 1411 3519 ipse,
1426 3435 1615 3520 hujusmodi

414 3535 633 3621 appellacione
649 3555 715 3598 non
730 3532 892 3612 obstante,
907 3534 1055 3618 predicto
1069 3534 1236 3600 Willelmo
1252 3536 1292 3600 de
1307 3535 1442 3601 ecclesia
1457 3537 1498 3602 de
1514 3538 1614 3623 Clop-

415 3649 494 3704 tona
516 3637 641 3722 prefata
666 3635 837 3721 providere
864 3635 1074 3719 presumpsit,
1100 3656 1175 3699 eum
1204 3657 1263 3721 per
1288 3637 1408 3702 librum
1435 3638 1613 3705 decadem

414 3738 618 3804 investiendo
640 3759 677 3800 ac
698 3736 902 3802 decernendo
917 3738 1057 3802 eundem
1072 3737 1273 3802 Willelmum
1298 3741 1367 3806 fore
1392 3741 1613 3808 inducendum

415 3841 450 3905 in
480 3841 679 3925 corporalem
707 3839 949 3926 possessionem
978 3840 1126 3926 ejusdem
1158 3841 1292 3906 ecclesie
1322 3853 1355 3908 et
1383 3845 1544 3910 tuendum
1578 3846 1613 3910 in

416 3943 540 4022 eadem,
563 3964 583 4005 a
608 3942 727 4027 quibus
751 3941 937 4027 provisione
961 3951 996 4006 et
1021 3942 1151 4008 decreto
1181 3945 1325 4027 prefatus
1355 3957 1546 4031 procurator
1574 3949 1615 4012 de

416 4046 526 4129 Burgo
556 4043 716 4128 predictas
739 4043 831 4108 sedes
857 4051 897 4106 ut
922 4065 1020 4127 supra
1041 4043 1199 4128 legittime
1222 4047 1407 4130 appellavit,
1431 4059 1464 4114 et
1486 4072 1505 4112 a
1527 4049 1615 4113 ouria

416 4145 591 4220 Cantuarie
610 4145 754 4231 predicte
770 4144 917 4230 optinuit
927 4143 1067 4208 inhiberi
1083 4143 1249 4229 Episcopo
1265 4148 1421 4229 predicto,
1437 4159 1471 4212 et
1491 4149 1613 4214 dictmn

415 4245 617 4324 Willelmum
642 4245 804 4330 Campiun
828 4231 954 4330 partem
977 4244 1173 4331 appellatam
1204 4249 1424 4331 peremptorie
1453 4248 1544 4312 citari
1573 4249 1615 4313 ad
