3894 5024
424 605 486 666 144
742 621 957 668 crinonrcou
983 621 1310 669 aasaosuauansa.

347 773 352 778 '
421 793 481 858 pro
496 781 685 838 tenemento
701 775 789 860 quod
804 775 844 840 de
855 774 973 842 abbate
988 785 1080 842 tenet
1093 777 1127 840 in
1143 774 1388 860 Yrthingburia,
1403 773 1622 860 videlieetpro

422 883 559 958 quatuor
582 875 715 959 virgatis
738 885 833 956 terre,
847 877 1054 961 presentibus
1076 877 1231 962 magistro
1247 875 1392 941 Roberto
1418 874 1458 940 de
1485 875 1624 940 Sceffeld

421 985 501 1042 tunc
523 976 699 1042 senescallo
726 977 838 1062 Burgi,
869 977 1019 1042 Gilberto
1040 979 1081 1044 de
1104 977 1244 1042 Suttona
1268 975 1520 1042 subvicecomitc
1545 985 1624 1041 tunc

423 1079 670 1160 Huntendonie,
685 1089 719 1144 et
733 1079 805 1144 aliis
820 1079 941 1145 ibidem
956 1080 1115 1166 pluribus.

465 1181 564 1246 Anno
579 1181 704 1247 domini
719 1183 848 1248 M⁰.ec⁰.
871 1184 1070 1268 octogesimo
1092 1204 1193 1260 nono,
1208 1181 1363 1247 dominus
1385 1180 1556 1246 Johannes
1582 1181 1624 1246 de

422 1283 512 1369 Boys
527 1284 604 1350 fecit
626 1285 814 1370 homagium
841 1285 975 1350 domino
1000 1285 1139 1350 Ricardo
1158 1286 1199 1350 de
1213 1284 1395 1351 Londoniis
1419 1283 1539 1363 abbati,
1563 1304 1623 1368 pro

421 1391 609 1451 tenemento
629 1386 718 1472 quod
733 1387 774 1452 de
787 1386 861 1473 ipso
875 1395 968 1452 tenet
980 1386 1016 1452 in
1029 1386 1211 1451 Wodelord
1234 1395 1267 1450 et
1290 1384 1378 1464 alibi,
1392 1407 1448 1450 xv.
1468 1384 1623 1449 kalendas

420 1486 574 1573 Augusti,
587 1489 622 1554 in
636 1489 804 1575 presencia
818 1489 964 1575 magistri
979 1489 1115 1555 Roberti
1125 1489 1165 1553 de
1178 1487 1339 1554 Scheleud
1350 1486 1529 1566 senescalli,
1539 1485 1623 1552 Wil-

421 1589 510 1656 lelmi
525 1592 566 1656 de
579 1592 702 1677 Thorp,
717 1601 751 1658 et
762 1592 898 1659 aliorum
913 1591 1179 1678 quamplurium.

198 1781 410 1848 (falcatae.)
931 1767 1117 1829 nonaum.

463 1900 562 1964 Anno
577 1895 714 1962 Domini
740 1895 806 1961 ΜΟ.
829 1896 1053 1962 ducentesimo
1073 1895 1272 1981 octogesimo
1291 1917 1389 1961 ηοηο.
1434 1895 1622 1961 Memoran-

420 2002 500 2066 dum
511 2000 599 2085 quod
614 1999 666 2064 die
682 1999 776 2064 Lune
790 1999 825 2063 in
841 1999 1022 2085 septimana
1037 1999 1171 2079 Pascha,
1186 1998 1319 2078 scilicet,
1335 1999 1387 2063 die
1402 1997 1523 2064 Leonis
1538 2021 1622 2086 pape

420 2113 455 2170 et
470 2102 602 2172 Gutlaci
616 2102 822 2180 confessoris,
837 2103 1017 2170 Nicholaus
1033 2104 1073 2166 de
1089 2102 1276 2168 Seinmarht
1289 2103 1366 2168 fecit
1380 2103 1568 2188 homagium
1588 2112 1622 2168 et

419 2207 609 2274 fidelitatem
624 2206 757 2273 domino
774 2206 913 2271 Ricardo
940 2207 981 2272 de
1004 2205 1186 2270 Londoniis
1201 2205 1312 2270 abbati
1327 2206 1368 2271 de
1384 2207 1494 2292 Burgo
1510 2206 1621 2272 Sancti

421 2311 519 2392 Petri,
530 2311 565 2376 in
580 2331 705 2376 camera
719 2309 857 2396 predicti
868 2309 991 2374 domini
1006 2307 1136 2374 Ricardi
1150 2307 1277 2373 abbatis
1292 2308 1379 2393 apud
1389 2309 1547 2394 Burgum,
1560 2329 1621 2394 pro

420 2423 607 2480 tenemento
622 2414 710 2500 quod
736 2413 777 2478 de
793 2413 872 2499 ipso
895 2421 996 2492 tenet,
1010 2412 1216 2498 presentibus
1240 2422 1319 2478 tunc
1344 2411 1466 2477 ibidem
1488 2412 1621 2478 domino

420 2518 494 2582 Elia
508 2517 549 2581 de
565 2517 778 2602 Bekyngham
794 2517 918 2580 domini
934 2516 1031 2601 Regis
1043 2515 1234 2601 justiciario,
1249 2514 1382 2580 domino
1398 2515 1531 2580 Simone
1552 2535 1620 2580 rec·

420 2630 491 2684 tore
506 2619 640 2684 ecclesie
658 2619 698 2682 de
717 2619 911 2703 lrapstona,
934 2619 1067 2683 domino
1093 2618 1116 2683 J
1118 2619 1245 2682 ohanne
1269 2618 1309 2682 de
1323 2617 1483 2703 Affordby
1496 2626 1621 2683 rectore

420 2720 554 2785 ecclesie
580 2721 621 2784 de
636 2720 761 2799 Castra,
783 2721 937 2805 magistro
960 2720 1105 2786 Roberto
1128 2721 1168 2784 de
1184 2719 1323 2785 Sceffeld
1344 2729 1423 2786 tunc
1445 2721 1620 2786 senescallo

421 2823 534 2908 Burgi,
550 2823 695 2892 Henrico
710 2822 895 2909 Spilsurnel,
910 2823 933 2888 J
934 2824 1062 2888 ohanne
1077 2824 1205 2904 Blome,
1219 2833 1253 2889 et
1267 2824 1380 2890 multis
1394 2824 1475 2889 aliis.

466 2925 719 2991 Memorandum
739 2925 827 3012 quod
841 2925 893 2990 die
915 2926 1089 2992 Dominiea
1115 2948 1178 3013 qua
1203 2937 1350 2992 cantatur
1375 2926 1619 3010 “quasimodo

421 3029 556 3113 geniti,''
571 3029 704 3108 scilicet,
723 3051 776 3093 xv.
790 3027 945 3092 kalendas
961 3027 1054 3106 Maii,
1069 3028 1157 3114 apud
1174 3025 1318 3113 Burgum
1334 3030 1481 3113 Rogerus
1497 3028 1620 3115 Bosuy,

420 3131 477 3216 qui
502 3132 596 3196 duxit
621 3133 655 3196 in
681 3152 816 3196 uxorem
838 3130 937 3195 filiam
962 3139 996 3195 et
1017 3131 1170 3196 heredem
1197 3131 1321 3196 domini
1345 3131 1474 3197 Ricardi
1500 3133 1619 3219 'I'reyli‚

418 3233 496 3298 fecit
509 3233 695 3318 homagium
710 3241 745 3298 et
755 3231 944 3298 fidelitatem
958 3231 1092 3296 domino
1107 3231 1247 3296 Ricardo
1262 3233 1302 3296 de
1312 3232 1495 3299 Londoniis
1509 3234 1618 3300 abbati

419 3335 521 3420 Burgi
534 3358 595 3421 pro
606 3343 793 3401 tenemento
806 3334 893 3420 quod
908 3335 948 3400 de
959 3333 1032 3419 ipso
1048 3343 1138 3400 tenet
1152 3334 1186 3398 in
1197 3334 1388 3414 Wodeford,
1404 3336 1438 3399 in
1453 3337 1618 3422 presencia

419 3437 563 3522 magistri
577 3435 714 3502 Roberti
741 3436 781 3502 de
797 3435 958 3520 Oseneye,
984 3436 1129 3522 magistri
1157 3435 1292 3502 Roberti
1317 3437 1357 3501 de
1374 3437 1524 3503 Sceffeud
1538 3447 1617 3502 tunc

419 3539 585 3603 senescalli
598 3539 709 3623 Burgi,
724 3549 757 3604 et
779 3539 938 3606 Willelmi
962 3539 1124 3620 Loveday',
1143 3539 1304 3604 Johannis
1327 3539 1454 3618 Blome,
1480 3548 1514 3602 et
1538 3539 1617 3604 alio·

418 3660 492 3704 rum
506 3648 574 3703 tam
596 3641 829 3706 monachorum
845 3663 942 3726 quam
957 3641 1160 3706 secularium.
1204 3641 1251 3704 Et
1267 3640 1513 3705 memorandum
1528 3642 1615 3726 quod

416 3741 604 3828 recognovit
619 3743 788 3808 dimidium
799 3743 932 3808 feodum
946 3743 1069 3808 militis.

460 3844 713 3910 Memorandum
729 3847 817 3932 quod
832 3847 932 3930 Hugo
947 3845 987 3910 de
1004 3844 1150 3909 Gorham
1172 3841 1250 3908 fecit
1263 3841 1450 3930 homagium
1465 3855 1499 3910 et
1512 3846 1615 3912 fideli-

416 3955 518 4012 tatem
542 3945 677 4012 domino
708 3947 846 4012 Ricardo
879 3944 988 4010 abbati
1014 3966 1099 4008 anno
1130 3945 1254 4010 domini
1277 3945 1394 4012 M.o⁰c.
1418 3949 1614 4034 octogesimo

416 4071 514 4129 nono,
538 4049 778 4135 quintodecimo
802 4047 956 4110 kalendas
972 4046 1122 4130 Augusti,
1146 4047 1179 4110 in
1202 4050 1368 4134 presencia
1390 4051 1532 4136 magistri
1549 4052 1615 4115 Bo·

416 4151 500 4218 berti
516 4151 693 4231 senescalli,
713 4147 869 4216 Willelmi
893 4147 932 4212 de
947 4147 1048 4232 Torp,
1074 4157 1107 4213 et
1131 4149 1266 4217 aliorum
1290 4153 1541 4238 quamplurium,
1556 4173 1614 4236 pro
