3894 5024
661 668 874 714 onnomcon
891 670 1217 716 rnnnonunonnsn.
1275 669 1284 684 ·
1482 659 1541 718 131

342 821 484 881 servatas
506 818 748 885 constabularcs
770 821 1032 888 consuetudines.
1076 823 1122 886 Et
1136 823 1287 887 volumus
1302 803 1436 908 ut'ipse,
1451 824 1543 889 here-

342 916 463 1002 desque
477 921 548 1004 ejus
563 931 641 1005 post
654 923 774 1008 ipsum,
796 923 973 988 honorifice
988 932 1023 989 et
1045 924 1079 988 in
1094 947 1173 1010 pace
1198 934 1232 990 et
1254 924 1354 990 libere
1368 927 1542 991 constabu-

340 1017 442 1084 latum
471 1023 653 1108 predictum
682 1037 824 1093 teneant.
871 1028 982 1113 Hujus
1012 1029 1230 1093 concessionis
1253 1038 1355 1093 testes
1381 1037 1458 1092 sunt
1486 1029 1542 1094 isti

339 1119 401 1184 viri
415 1123 617 1190 subtitulati:
641 1127 803 1194 Robertus
819 1128 919 1194 abbas
943 1130 1092 1210 Tomeie,
1109 1129 1274 1195 Galfridus
1289 1139 1322 1195 et
1343 1129 1541 1216 Vymundus

339 1226 498 1304 monachi,
515 1237 548 1292 et
563 1229 616 1293 alii
631 1251 744 1295 omnes
759 1232 905 1297 Ecclesie
920 1232 960 1296 de
976 1232 1097 1317 Burgo.

382 1326 469 1393 Istos
484 1330 636 1398 articulos
651 1331 853 1417 subscriptos
867 1332 964 1416 petiit
988 1333 1140 1398 dominus
1157 1333 1323 1400 Gulfridus
1338 1335 1379 1399 de
1399 1333 1431 1398 la
1446 1334 1541 1400 Mare

338 1428 379 1491 ad
394 1430 666 1494 constabulatum.

381 1531 434 1594 Ad
449 1531 701 1596 decimacionem
716 1535 766 1597 sui
777 1535 860 1619 juris
874 1536 909 1598 in
923 1537 1065 1621 petendo
1090 1536 1241 1602 ballivum
1256 1536 1491 1602 constabularie
1506 1549 1540 1604 et

338 1633 614 1728 specificaciopem
629 1635 837 1700 articulorum
857 1638 962 1722 ipsam
977 1638 1248 1703 constabulariam
1271 1639 1539 1723 contingentium,

338 1735 416 1799 dicit
431 1744 465 1800 et
478 1736 643 1821 proponit,
660 1738 747 1821 quod
763 1748 982 1804 antecessores
998 1741 1049 1804 sui
1064 1741 1188 1805 onerati
1202 1742 1335 1806 fuerunt
1349 1740 1390 1804 ab
1406 1741 1540 1827 antiquo

336 1836 379 1900 ad
389 1837 568 1901 faciendam
580 1839 872 1905 summonicionem
887 1841 1013 1906 servicii
1029 1842 1175 1906 militaris
1187 1841 1339 1907 omnibus
1350 1843 1540 1908 tenentibus

338 1938 531 2004 deAbbaoia
542 1940 652 2025 Burgi,
667 1961 726 2025 per
740 1943 804 2006 tale
819 1943 1000 2024 servicium,
1016 1944 1325 2030 quoscienscumque
1342 1946 1413 2010 Rex
1423 1945 1540 2030 Anglie

336 2041 537 2107 mandaverit
551 2037 672 2108 Abbati
697 2035 738 2109 de
753 2045 862 2129 Burgo
877 2067 936 2129 pro
953 2047 1087 2111 servicio
1104 2069 1174 2127 suo,
1190 2049 1370 2112 secundum
1392 2057 1540 2112 tenorem

336 2145 480 2208 mandati
502 2145 599 2210 illius.
643 2143 679 2210 Si
703 2168 780 2211 vero
796 2148 894 2232 aliqui
917 2147 964 2212 sic
980 2150 1169 2215 summoniti
1184 2150 1287 2234 parati
1313 2172 1381 2214 non
1396 2150 1540 2229 veniant,

336 2247 377 2310 ad
399 2249 508 2332 ipsum
523 2258 648 2332 spectat
663 2251 842 2314 secundum
866 2252 1001 2314 modum
1016 2252 1186 2336 antiquum
1209 2274 1277 2316 non
1291 2253 1459 2316 venientes
1475 2251 1541 2315 dis-

335 2350 474 2434 tringere
489 2360 524 2414 et
537 2351 729 2436 compellere
744 2353 785 2416 ad
801 2352 947 2416 debitum
961 2354 1131 2418 servicium
1147 2352 1340 2418 faciendum.
1379 2352 1431 2416 lta
1453 2355 1541 2437 quod

338 2453 450 2516 Abbas
473 2453 512 2517 de
537 2453 647 2538 Burgo
670 2476 783 2518 versus
810 2455 933 2538 Regem
959 2455 1092 2520 omnino
1116 2465 1325 2520 conservetur
1345 2453 1541 2537 indempnis.

337 2555 417 2618 Post
431 2555 548 2619 factam
563 2577 640 2618 vero
656 2555 949 2620 summonicionem
965 2554 1146 2641 dicitquod
1161 2556 1349 2622 debetcum
1359 2579 1426 2621 uno
1438 2557 1541 2622 milite

336 2657 376 2721 de
392 2657 542 2721 comitiva
557 2680 616 2721 sua
630 2659 809 2723 conducere
825 2658 943 2723 milites
958 2658 1056 2723 modo
1073 2659 1256 2744 supradicto
1270 2658 1488 2724 summonitus
1498 2659 1540 2722 ad

336 2761 469 2844 Regem,
484 2759 537 2824 vel
561 2761 638 2825 alibi
653 2761 695 2824 ad
718 2761 822 2846 ipsius
839 2760 937 2845 Regis
963 2771 1164 2847 preceptum,
1188 2785 1264 2828 cum
1279 2763 1370 2847 equis
1386 2773 1420 2826 et
1442 2765 1540 2827 armis

335 2873 476 2944 paratos,
487 2872 521 2926 et
531 2863 621 2948 ipsos
633 2864 730 2928 etiam
742 2865 914 2950 disponere
927 2873 1082 2949 tanquam
1098 2865 1365 2943 constabularius,
1377 2887 1473 2948 quam
1484 2865 1541 2929 diu

335 2975 466 3048 tempus
492 2965 618 3030 servicii
641 2966 815 3045 duraverit,
840 2967 908 3031 sive
931 2967 1148 3030 summonitus
1173 2967 1270 3030 fuerit
1293 2967 1335 3029 ad
1358 2967 1540 3031 custodiam

336 3066 432 3130 castri
447 3066 486 3129 de
502 3067 719 3151 Rokingham,
746 3068 813 3132 sive
836 3067 913 3131 alibi
936 3067 1130 3151 ubicumque
1152 3067 1236 3130 infra
1261 3088 1396 3152 regnum
1411 3069 1540 3152 Anglie.

335 3168 382 3231 Et
395 3167 455 3232 hec
470 3169 579 3232 omnia
593 3169 663 3232 fieri
678 3169 799 3233 debent
818 3179 852 3232 et
867 3178 1107 3234 consueverunt
1120 3169 1162 3233 ad
1178 3179 1329 3253 sumptus
1345 3169 1483 3233 Abbatis
1498 3171 1539 3234 de

335 3271 456 3354 Burgo,
482 3280 521 3334 ut
547 3271 635 3350 dicit,
661 3272 706 3335 ita
720 3271 870 3336 videlicet
893 3271 981 3356 quod
1006 3270 1107 3335 abbas
1128 3271 1306 3337 constituat
1332 3271 1471 3355 aliquem
1497 3273 1539 3337 de

335 3373 414 3452 suis,
428 3395 525 3460 quem
540 3374 689 3454 voluerit,
704 3375 759 3460 qui
779 3374 877 3439 vadat
900 3396 975 3441 cum
989 3375 1137 3460 predicto
1153 3374 1311 3454 Galirido,
1327 3384 1361 3439 et
1385 3383 1538 3459 sumptus

334 3475 533 3540 necessarios
549 3475 610 3540 sibi
626 3485 659 3540 et
674 3477 741 3540 suis
755 3476 909 3540 inveniat.

116 3590 174 3652 (sot.
187 3605 238 3640 cu.
250 3591 298 3654 va)
378 3586 392 3660 j
408 3581 493 3644 Item
506 3580 671 3664 predictus
689 3579 855 3644 Galfridus
870 3579 1053 3664 dicitquod
1068 3580 1096 3644 si
1111 3579 1224 3644 Abbas
1239 3579 1279 3644 de
1295 3581 1406 3666 Burgo
1420 3581 1539 3646 habeat

335 3680 466 3766 aliquod
480 3681 635 3745 nuncium
650 3680 833 3746 faciendum
848 3680 932 3744 infra
947 3681 1097 3765 Regnum
1113 3681 1239 3766 Anglie,
1259 3681 1345 3746 idem
1371 3682 1537 3747 Galsridus

336 3782 434 3848 debet
449 3785 574 3848 onerari
589 3783 629 3847 ad
644 3784 725 3848 illud
750 3783 934 3848 faciendum
949 3805 1007 3869 per
1022 3805 1057 3849 se
1072 3785 1181 3870 ipsum
1196 3785 1248 3849 vel
1263 3785 1386 3869 aliquos
1402 3787 1443 3850 de
1459 3787 1537 3866 suis,

335 3886 505 3970 quosciens
521 3908 603 3972 opus
617 3887 726 3966 luerit,
741 3895 775 3950 et
800 3887 863 3950 hoc
878 3885 1063 3970 sumptibus
1078 3877 1216 3970 predicti
1231 3885 1368 3966 abbatis,
1384 3898 1422 3951 ut
1436 3888 1536 3972 prius.

335 3987 388 4050 Ita
412 3985 563 4050 videlicet
589 3989 676 4072 quod
702 3989 731 4052 si
755 3988 862 4052 dictus
879 3987 1046 4052 Gallridus
1069 3989 1179 4052 mittat
1202 3989 1340 4074 aliquem
1357 3987 1397 4052 de
1413 3990 1479 4052 suis
1495 3989 1537 4052 ad

334 4087 516 4174 predictum
539 4089 694 4153 nuncium
720 4089 915 4168 faciendum,
940 4091 1045 4176 cupiat
1061 4091 1101 4156 de
1121 4091 1249 4156 Abbate
1272 4091 1405 4176 singulis
1421 4089 1535 4154 diebus

334 4191 369 4254 in
384 4189 490 4254 eundo
506 4201 541 4255 et
554 4189 720 4256 redeundo
734 4191 789 4255 xii.
805 4190 965 4258 denarios.
