3938 5022
423 631 485 690 126
736 645 951 692 cneorucon
976 645 1304 693 raraoeuauansa.

420 797 520 863 nibus
535 798 577 863 de
592 797 757 864 scaccario
785 819 803 862 a
827 799 880 863 die
906 799 1009 864 sancti
1032 797 1204 864 Michaelis
1227 798 1260 863 in
1278 795 1462 884 quindecim
1477 795 1558 880 dies,
1580 821 1620 866 eo

421 900 509 985 quod
520 901 678 986 judicium
694 901 840 965 nondum
854 901 977 967 factum
992 909 1053 966 est.
1089 900 1144 965 Ad
1152 922 1249 986 quem
1261 900 1348 965 diem
1356 900 1620 988 venitpredictus

420 1002 520 1068 abbas
543 1025 602 1088 per
625 1012 824 1070 attornatum
840 1025 937 1069 suum
962 1013 997 1070 et
1020 1003 1115 1068 dutus
1138 1015 1190 1069 est
1215 1005 1245 1070 ei
1261 1004 1329 1070 dies
1345 1027 1364 1070 a
1378 1005 1431 1071 die
1446 1005 1570 1072 Pasche
1583 1007 1619 1071 in

421 1127 475 1172 xv.
491 1106 560 1172 dies
575 1115 637 1172 etc.
652 1107 693 1172 ad
713 1129 811 1193 quem
827 1108 913 1174 diem
932 1107 1024 1173 venit
1037 1107 1202 1193 predictus
1225 1107 1325 1172 abbas
1349 1129 1407 1194 per
1420 1117 1620 1175 attumatum

422 1229 518 1275 suum
533 1221 567 1276 et
581 1211 676 1276 datus
691 1221 742 1278 eat
756 1211 786 1277 ei
801 1212 870 1278 dies
885 1234 905 1276 a
919 1212 971 1276 die
986 1211 1090 1276 sancti
1105 1211 1277 1277 Michaelis
1291 1211 1326 1276 in
1342 1233 1395 1276 xv.
1411 1213 1481 1278 dies
1500 1222 1562 1280 etc.
1577 1213 1619 1278 ad

420 1336 517 1401 quem
533 1315 620 1380 diem
633 1315 724 1381 venit
746 1315 911 1401 predictus
933 1314 1033 1381 abbas
1048 1335 1107 1401 per
1121 1324 1322 1381 attornatum
1347 1337 1443 1380 suum
1467 1326 1501 1382 et
1524 1317 1619 1382 datus

420 1428 471 1484 est
496 1419 526 1485 ei
541 1421 611 1486 dies
625 1443 645 1484 a
660 1420 711 1485 die
727 1420 851 1486 Pascha
865 1420 900 1484 in
915 1441 969 1484 xv.
984 1418 1054 1484 dies
1069 1427 1132 1484 ete.
1175 1417 1305 1484 Deinde
1321 1420 1417 1484 datus
1431 1429 1483 1486 est
1505 1417 1534 1486 ei
1550 1421 1619 1486 dies

419 1522 473 1587 hic
487 1523 521 1587 in
536 1523 659 1589 octaris
675 1525 777 1589 saneti
793 1523 964 1588 Michaelis
979 1531 1042 1587 etc.
1064 1521 1105 1586 ad
1120 1543 1216 1608 quem
1232 1522 1319 1588 diem
1333 1522 1433 1588 abbas
1447 1523 1538 1590 venit
1561 1545 1620 1610 per

420 1635 620 1692 attornatum
643 1649 738 1691 suum
763 1636 798 1692 et
819 1625 919 1692 habet
942 1626 1028 1691 diem
1043 1625 1078 1690 in
1093 1625 1234 1690 crastino
1250 1626 1354 1692 sancti
1369 1625 1517 1692 Martini.
1564 1626 1619 1691 Ad

420 1751 518 1814 quem
533 1729 619 1795 diem
635 1729 735 1794 abbas
749 1729 840 1796 venit
854 1751 912 1815 per
926 1737 1123 1795 attornatum
1141 1749 1236 1793 suum
1262 1738 1296 1795 et
1318 1727 1418 1795 habet
1432 1730 1518 1796 diem
1533 1753 1553 1795 a
1566 1730 1619 1796 die
1637 1795 1640 1803 ,

422 1832 544 1896 Pasche
558 1831 592 1895 in
607 1852 662 1897 xv.
676 1831 756 1896 dies.

198 1936 407 2004 (formiae.)
464 1934 615 2015 lPlacita
636 1955 745 1999 coram
764 1933 891 1999 Th0ma
911 1933 951 1999 de
966 1933 1126 1999 Welande
1155 1943 1190 2000 et
1215 1933 1311 2000 sociis
1332 1934 1399 1998 suis
1423 1935 1618 2000 Justiciariis

422 2036 546 2101 domini
561 2035 659 2121 Regis
676 2036 716 2101 de
731 2037 854 2116 Banco,
865 2037 900 2101 iu
914 2033 1050 2102 Octabis
1062 2035 1166 2102 sancti
1180 2037 1203 2101 J
1204 2036 1341 2101 ohannis
1357 2036 1517 2123 Baptista,
1531 2060 1617 2104 anno

420 2137 511 2224 regni
526 2138 624 2225 Regis
640 2138 791 2203 Edwardi
804 2137 863 2202 filii
881 2136 979 2223 Regis
995 2137 1130 2202 Henrici
1145 2138 1271 2204 decimo
1286 2139 1436 2226 septimo.

222 2261 251 2293 0¹
286 2247 385 2295 monte·
464 2243 795 2310 Norhamtoniescira.
818 2241 930 2308 Abbas
942 2242 982 2306 de
995 2242 1105 2328 Burgo
1115 2243 1219 2308 sancti
1229 2241 1316 2307 Petri
1328 2243 1547 2308 summonitus
1556 2243 1619 2309 fuit

420 2349 462 2413 ed
475 2347 739 2434 respondendum
765 2346 918 2432 magistro
933 2343 1100 2411 Willelmo
1115 2345 1156 2410 de
1172 2344 1294 2410 Kellun
1319 2363 1457 2429 persone
1473 2345 1618 2413 Ecclesie

419 2455 460 2518 de
476 2452 643 2538 Herdeby‚
663 2451 687 2516 J
687 2450 809 2517 ohanni
818 2451 859 2515 de
874 2450 1010 2535 Uptona
1024 2469 1163 2534 persone
1178 2447 1324 2514 Ecclesie
1340 2447 1380 2512 de
1396 2447 1616 2534 Rillyngtona,

418 2565 453 2621 et
466 2555 538 2620 Ade
553 2557 593 2620 de
610 2554 788 2634 Kelelelde‚
804 2553 1030 2619 executoribus
1044 2551 1231 2616 testamenti
1246 2550 1391 2636 magistri
1405 2551 1563 2617 Willelmi
1577 2553 1618 2619 de

418 2658 629 2736 Neuwerelre,
655 2657 695 2721 de
709 2657 829 2743 placito
850 2655 937 2740 quod
962 2656 1078 2720 reddat
1102 2653 1149 2719 eis
1164 2653 1278 2739 viginti
1303 2675 1439 2735 marcas,
1464 2677 1545 2742 quas
1570 2655 1618 2720 eis

417 2759 539 2845 injuste
554 2759 688 2838 detinet,
703 2769 766 2824 etc.

461 2862 508 2926 Et
522 2860 621 2926 abbas
636 2881 695 2948 per
708 2869 908 2925 attor-natum
923 2879 1020 2923 auum
1040 2857 1141 2924 venit.
1185 2857 1232 2922 Et
1246 2857 1326 2922 dicit
1348 2859 1438 2944 quod
1463 2861 1618 2928 satisfecit

418 2965 563 3053 predicto
587 2964 741 3050 magistro
763 2962 941 3028 Willielmo
962 2963 1003 3028 de
1030 2961 1153 3027 Kellun
1179 2961 1220 3027 de
1235 2961 1381 3046 predicto
1405 2963 1529 3029 debito.
1572 2965 1617 3031 Et

418 3070 582 3156 predictus
597 3068 749 3154 magister
763 3067 949 3133 Willelmus
962 3065 1026 3132 hoc
1040 3066 1128 3131 idem
1143 3065 1305 3150 cognovit.
1351 3067 1431 3133 ldeo
1447 3077 1509 3134 etc.

462 3174 615 3240 Creditur
637 3173 725 3259 quod
750 3194 859 3236 coram
875 3169 1025 3237 Gilberto
1040 3169 1081 3235 de
1097 3170 1255 3235 Preatona
1269 3179 1304 3234 et
1318 3170 1415 3235 sociis
1431 3171 1498 3236 suis
1515 3171 1617 3237 Itine-

418 3278 566 3344 rantibus
581 3277 670 3362 apud
685 3273 901 3356 Lincolniam,
915 3295 1002 3339 anuo
1016 3272 1108 3359 regni
1119 3273 1218 3358 Regis
1231 3273 1367 3338 Henrici
1381 3273 1436 3340 lv⁰.
1449 3273 1617 3340 dubitatur

434 3381 574 3447 emensi
589 3391 671 3445 tunc
685 3377 760 3444 ideo
776 3387 941 3463 queratur.

218 3511 273 3544 neo
301 3497 307 3509 '
348 3498 392 3547 ns.
462 3483 667 3550 Baldewinus
683 3482 789 3547 Wake
804 3481 1024 3547 summonitus
1047 3479 1110 3544 luit
1132 3479 1174 3544 ad
1197 3478 1461 3565 respondendum
1481 3479 1617 3565 Hugoni

418 3588 449 3652 le
464 3584 568 3670 Bigod
584 3593 618 3648 et
631 3585 654 3650 J
656 3585 784 3649 ohanne
799 3583 893 3649 uxori
908 3583 979 3668 ejus
994 3582 1035 3646 de
1050 3579 1180 3667 placito,
1195 3579 1284 3666 quod
1304 3578 1448 3664 aquietet
1469 3579 1559 3665 ipsos
1574 3581 1616 3648 de

420 3687 566 3766 servicio,
581 3686 669 3772 quod
684 3683 797 3750 Abbas
820 3684 861 3750 de
877 3684 987 3769 Burgo
1003 3682 1106 3748 sancti
1122 3683 1211 3747 Petri
1225 3681 1266 3746 ab
1281 3682 1328 3746 eis
1343 3679 1443 3767 exigit
1456 3681 1498 3748 de
1512 3680 1615 3750 libero

419 3799 606 3858 tenemento
622 3809 682 3853 suo
698 3786 786 3873 quod
795 3787 836 3852 de
850 3807 890 3851 eo
906 3793 1020 3849 tenent
1033 3783 1069 3847 in
1085 3782 1228 3867 Kareby,
1239 3781 1394 3868 Wyham‚
1406 3792 1440 3847 et
1455 3783 1615 3872 Depinge‚

418 3893 506 3960 unde
519 3893 606 3957 idem
622 3889 839 3968 Beldewinus,
854 3885 911 3973 qui
925 3885 1052 3951 medius
1068 3895 1119 3951 est
1132 3887 1218 3950 inter
1231 3907 1310 3964 eos3
1327 3885 1419 3971 ipsos
1434 3887 1615 3974 acquietare

420 3997 527 4078 debet,
542 4010 604 4062 etc.
649 3995 695 4060 Et
719 3992 807 4057 unde
821 3989 958 4076 predicti
984 3989 1084 4075 Hugo
1107 3998 1141 4054 et
1165 3989 1318 4054 Johanna
1332 4010 1391 4075 per
1416 3999 1614 4057 ettomatum

417 4102 521 4187 ipsius
549 4099 701 4165 Johanne
730 4102 909 4180 queruntur
937 4091 1125 4177 quodcum
1153 4091 1217 4178 ipsi
1242 4100 1376 4158 teneant
1405 4092 1445 4159 de
1468 4095 1614 4180 predicto

419 4203 604 4271 Baldewino
627 4201 689 4267 tria
703 4199 797 4266 seoda
820 4196 960 4263 militum
975 4197 1009 4261 in
1034 4195 1188 4282 predictis
1204 4196 1289 4263 villis
1311 4219 1370 4284 per
1395 4199 1529 4265 servicia
1552 4221 1614 4285 que
