3812 5030
618 653 830 701 onaonroou
847 655 1173 701 narnoauaomvsn.
1458 639 1494 696 ll

297 803 548 886 presentatione,
563 805 638 892 quia
653 807 800 872 dixerant
814 829 921 872 coram
942 803 1129 893 justiciariis
1144 805 1231 891 apud
1247 803 1497 868 Huntindonam

296 902 447 970 abbatem
459 906 500 972 de
510 907 649 972 Tameia
663 908 787 974 levasse
801 917 980 975 mercatum
993 931 1054 995 per
1063 909 1149 975 diem
1163 910 1241 973 lune
1255 905 1341 992 apud
1354 905 1497 982 Jackele,

296 1015 331 1071 et
357 1007 549 1074 tholoneum
578 1011 748 1096 recepisse,
778 1020 813 1076 et
839 1011 1001 1096 juratores
1031 1011 1313 1087 contradixerant3
1352 1016 1386 1072 et
1422 1007 1497 1092 quia

296 1106 440 1173 Berones
455 1109 496 1175 de
512 1111 677 1178 Soaceario
692 1113 887 1178 invenerunt
900 1113 936 1177 in
958 1113 1066 1178 rotulo
1084 1111 1130 1178 iii.
1152 1111 1228 1176 anni
1250 1110 1333 1195 regis
1356 1108 1496 1187 Ricardi,

294 1209 445 1276 abbatem
460 1213 501 1278 de
517 1213 627 1299 Burgo
642 1215 743 1280 fuisse
758 1215 903 1301 quietum
919 1216 960 1280 de
977 1215 1035 1280 tali
1054 1213 1303 1279 amerciamento
1320 1234 1378 1298 per
1392 1219 1496 1276 cartas

295 1333 381 1394 suas,
404 1315 478 1381 ideo
503 1315 652 1382 abbatem
675 1339 695 1382 a
715 1319 869 1404 predictis
893 1318 1019 1384 duabus
1041 1319 1157 1383 marcis
1172 1319 1318 1403 quietum
1333 1315 1496 1401 adjudica·

293 1427 422 1483 verunt.

91 1519 134 1566 ‘⁰²-
146 1517 225 1568 Μ’·
238 1517 283 1582 νο·)
324 1521 606 1600 [Disratiocinacio
619 1523 719 1606 Burgi
731 1524 771 1588 de
788 1524 970 1589 Alwaltona
979 1533 1092 1588 contra
1100 1523 1262 1588 Abbatem
1273 1523 1313 1586 de
1322 1521 1495 1586 Thorneia.

167 1627 283 1676 noem.
339 1623 410 1685 Rex
439 1622 590 1686 transivit
617 1623 652 1686 in
682 1623 861 1687 Britaniam
890 1624 998 1709 vigilia
1038 1625 1260 1709 apostolorum
1290 1622 1431 1706 Philippi
1461 1633 1495 1685 et

294 1723 420 1803 Jacobi,
435 1733 469 1790 et
482 1725 582 1811 peciit
595 1725 750 1790 auxilium
765 1725 805 1791 ab
817 1727 969 1792 omnibus
985 1726 1146 1812 episcopis
1161 1735 1195 1790 et
1209 1724 1391 1790 abbatibus.
1424 1724 1494 1790 Do·

294 1825 403 1890 minus
413 1827 577 1891 Martinus
589 1825 689 1891 abbas
704 1827 745 1892 de
761 1828 870 1914 Burgo
886 1828 976 1893 dedit
991 1829 1021 1893 ei
1035 1829 1068 1892 in
1084 1827 1240 1892 auxilium
1252 1849 1280 1892 c.
1295 1845 1438 1904 maroas3
1460 1832 1495 1888 et

295 1929 336 1994 de
352 1929 494 2015 scutagio
509 1930 622 1994 novies
637 1931 774 2015 vinginti
789 1953 923 1997 marcas.
968 1932 1044 2016 Ipse
1066 1952 1125 1995 rex
1147 1929 1243 1994 rediit
1264 1929 1379 1994 eodem
1397 1947 1494 2005 anno,

295 2040 329 2097 et
343 2033 449 2117 exegit
466 2033 552 2096 aliud
568 2033 759 2117 scutagium,
783 2034 905 2100 scilicet
924 2034 968 2098 iii.
990 2056 1112 2099 marcas
1127 2035 1168 2097 ad
1184 2042 1322 2098 scutum.
1366 2029 1494 2094 Eodem

294 2156 380 2199 anno
394 2135 428 2199 in
444 2137 583 2201 crastino
598 2137 822 2222 apostolorum
838 2137 980 2222 Philippi
995 2146 1029 2202 et
1042 2135 1158 2202 Jacobi
1173 2133 1379 2200 dirationavit
1392 2131 1494 2196 abbas

295 2238 459 2303 Martinus
474 2239 640 2304 libertates
657 2262 731 2304 suas
748 2242 787 2305 de
802 2240 984 2305 Alwaltona
998 2249 1032 2304 et
1046 2240 1198 2305 Flettona
1218 2248 1330 2303 contra
1345 2235 1495 2300 abbatem

295 2342 335 2407 de
349 2341 487 2406 Tameia
505 2343 592 2428 apud
606 2343 946 2419 westmonasterium,
971 2364 1080 2407 coram
1102 2341 1297 2406 Justieiariis
1317 2340 1358 2404 de
1374 2339 1495 2417 Banoo,

295 2438 379 2509 sicut
393 2444 427 2508 in
443 2465 555 2509 eorum
570 2443 677 2508 rotulo
693 2445 886 2524 continetur,
902 2453 936 2509 et
949 2443 1083 2509 inferius
1099 2443 1255 2528 scriptum
1271 2451 1331 2506 est.

339 2547 380 2610 In
402 2547 542 2611 crastino
564 2547 787 2632 apostolorum
812 2547 954 2632 Philippi
978 2556 1012 2612 et
1041 2545 1166 2626 Jacobi,
1187 2565 1274 2610 anno
1296 2542 1386 2628 regni
1411 2543 1495 2627 regis

294 2753 384 2818 mino
399 2753 566 2818 Joscelino
583 2754 774 2818 batoniensi
796 2754 961 2840 episcopo,
974 2764 1008 2818 et
1022 2754 1168 2819 Waltero
1185 2751 1395 2819 Carleonensi
1410 2748 1496 2834 epis-

295 2877 389 2941 copo,
397 2857 587 2922 Tesaurario
600 2857 723 2922 domini
735 2857 844 2942 Regis,
860 2866 893 2922 et
903 2857 1069 2923 Willelmo
1085 2857 1125 2922 de
1136 2855 1285 2942 Rasleya,
1300 2864 1335 2920 et
1350 2852 1494 2918 Roberto

295 2956 336 3021 de
352 2957 532 3036 Laxetone,
558 2967 592 3022 et
605 2958 771 3023 Willelmo
795 2959 835 3022 de
859 2959 982 3038 Insula,
1004 2969 1038 3023 et
1058 2959 1222 3024 Willelmo
1250 2959 1289 3022 de
1313 2953 1496 3028 Londonia,

291 3058 478 3142 justiciariis
502 3061 626 3124 domini
650 3061 748 3146 Regia
772 3062 806 3124 in
830 3061 952 3140 Banco‚
977 3061 1141 3126 Robertus
1167 3061 1266 3123 abbas
1293 3061 1334 3123 de
1348 3058 1496 3140 Tomeye

296 3159 490 3223 attachiatus
513 3159 575 3224 fuit
589 3161 628 3226 ad
645 3162 909 3245 respondendum
930 3162 1077 3226 Martino
1100 3160 1210 3224 abbati
1233 3160 1273 3222 de
1289 3158 1408 3242 Burgo,
1431 3179 1496 3242 quo

295 3269 438 3327 waranto
453 3263 540 3346 cepit
553 3263 576 3326 J
577 3263 739 3327 ohannem
751 3263 937 3328 Bercarium
949 3263 990 3327 de
1004 3263 1205 3328 Alevaltona
1218 3261 1302 3325 infra
1314 3260 1496 3324 libertatem

294 3365 399 3451 ipsius
423 3362 549 3428 abbatis
573 3364 613 3429 de
640 3365 750 3450 Burgo
772 3366 806 3429 in
832 3364 1067 3429 Alewaltonam
1085 3385 1143 3448 per
1165 3363 1304 3449 apellum
1327 3363 1496 3448 cujusdam

295 3465 490 3551 probatoria,
520 3475 554 3530 et
582 3467 723 3552 apellum
746 3467 827 3530 illud
852 3466 960 3531 tenuit
984 3467 1019 3530 in
1045 3466 1132 3530 curia
1158 3487 1236 3546 sua3
1263 3465 1387 3530 desicut
1410 3466 1497 3530 idem

295 3569 395 3634 abbas
411 3569 451 3632 de
464 3569 604 3633 Tomeia
618 3591 685 3634 non
710 3569 809 3635 habet
833 3569 954 3634 curiam
970 3561 1078 3649 auam,
1098 3569 1163 3634 nisi
1186 3570 1225 3634 de
1249 3569 1312 3634 hiis
1328 3591 1391 3655 que
1407 3591 1497 3655 spec·

294 3681 366 3736 tant
380 3671 422 3734 ad
437 3671 707 3752 vicecomitatum,
731 3673 819 3738 unde
841 3673 929 3737 idem
944 3673 1044 3738 abbas
1060 3674 1101 3738 de
1116 3675 1225 3759 Burgo
1241 3674 1385 3758 queritur
1410 3673 1498 3758 quod

296 3775 422 3839 desicut
445 3773 516 3859 ipse
530 3774 630 3840 habet
655 3797 713 3861 per
728 3785 831 3840 cartas
854 3777 978 3842 domini
995 3777 1093 3861 Regis
1120 3777 1273 3862 quicquid
1293 3777 1435 3862 pertinet
1456 3777 1497 3840 ad

294 3879 568 3959 vicecomitatum,
582 3879 617 3943 in
632 3880 751 3966 quibus
766 3881 952 3945 continetur
967 3883 1054 3966 quod
1070 3882 1221 3946 dominus
1239 3881 1310 3946 Rex
1335 3880 1497 3967 prohibet,

295 4003 337 4046 ne
352 3981 468 4066 aliquis
483 3983 663 4048 vicecomes
679 3983 731 4047 vel
753 3984 867 4070 aliquis
887 3984 969 4048 alius
994 3984 1190 4049 intromittat
1215 4006 1250 4050 se
1265 3985 1305 4049 de
1321 3982 1498 4050 hundredis

295 4085 398 4171 ipsius
421 4085 546 4150 abbatis
561 4087 614 4152 vel
628 4089 669 4153 de
695 4089 912 4174 francoplegio
933 4089 1176 4153 hundredorum
1202 4089 1254 4154 vel
1277 4087 1496 4154 dominiorum

296 4209 430 4252 suorum
457 4189 490 4252 in
506 4191 741 4278 cujuscumque
766 4192 869 4256 Bullia
893 4192 970 4271 sint,
996 4193 1071 4278 quia
1094 4192 1246 4256 dominus
1262 4192 1333 4268 Res
1348 4191 1498 4256 concedit

297 4291 344 4354 eis
365 4291 453 4375 quod
468 4290 609 4356 habeant
623 4293 657 4356 in
673 4293 825 4357 omnibus
842 4293 1019 4358 hundredis
1034 4304 1068 4358 et
1088 4293 1239 4358 dominiis
1249 4293 1327 4366 suis,
1342 4291 1375 4355 iu
1387 4292 1498 4376 cujus-
