<?xml version="1.0" encoding="UTF-8"?>
<!DOCTYPE html PUBLIC "-//W3C//DTD XHTML 1.0 Transitional//EN"
    "http://www.w3.org/TR/xhtml1/DTD/xhtml1-transitional.dtd">
<html xmlns="http://www.w3.org/1999/xhtml" xml:lang="en" lang="en">
 <head>
  <title>
</title>
<meta http-equiv="Content-Type" content="text/html;charset=utf-8" />
  <meta name='ocr-system' content='tesseract 3.04.00' />
  <meta name='ocr-capabilities' content='ocr_page ocr_carea ocr_par ocr_line ocrx_word'/>
</head>
<body>
  <div class='ocr_page' id='page_1' title='image "./chroniconpetrob01brucgoog_0117.png"; bbox 0 0 3938 5022; ppageno 0'>
   <div class='ocr_carea' id='block_1_1' title="bbox 668 647 1548 736">
    <p class='ocr_par' dir='ltr' id='par_1_1' title="bbox 668 647 1548 736">
     <span class='ocr_line' id='line_1_1' title="bbox 668 647 1548 736; baseline 0.008 -16"><span class='ocrx_word' id='word_1_1' title='bbox 668 676 880 723; x_wconf 81' lang='lat' dir='ltr'>cuuourcos</span> <span class='ocrx_word' id='word_1_2' title='bbox 898 657 1224 727; x_wconf 76' lang='lat' dir='ltr'>rsrnosuaosnsa&#39;.</span> <span class='ocrx_word' id='word_1_3' title='bbox 1506 647 1548 736; x_wconf 68' lang='lat' dir='ltr'>l?</span> 
     </span>
    </p>
   </div>
   <div class='ocr_carea' id='block_1_2' title="bbox 347 825 1623 1534">
    <p class='ocr_par' dir='ltr' id='par_1_2' title="bbox 347 825 1623 1534">
     <span class='ocr_line' id='line_1_2' title="bbox 349 825 1550 915; baseline 0.006 -24"><span class='ocrx_word' id='word_1_4' title='bbox 349 826 447 891; x_wconf 87' lang='lat' dir='ltr'>etiam</span> <span class='ocrx_word' id='word_1_5' title='bbox 470 825 598 892; x_wconf 80' lang='lat' dir='ltr'>ballivis</span> <span class='ocrx_word' id='word_1_6' title='bbox 621 826 809 894; x_wconf 90' lang='lat' dir='ltr'>libertatum</span> <span class='ocrx_word' id='word_1_7' title='bbox 834 827 1038 915; x_wconf 85' lang='lat' dir='ltr'>temporibus</span> <span class='ocrx_word' id='word_1_8' title='bbox 1063 832 1244 914; x_wconf 77' lang='lat' dir='ltr'><strong>retroactis,</strong></span> <span class='ocrx_word' id='word_1_9' title='bbox 1269 841 1308 896; x_wconf 93' lang='lat' dir='ltr'>ut</span> <span class='ocrx_word' id='word_1_10' title='bbox 1341 831 1465 897; x_wconf 90' lang='lat' dir='ltr'>dictum</span> <span class='ocrx_word' id='word_1_11' title='bbox 1498 841 1550 898; x_wconf 90' lang='lat' dir='ltr'>est</span> 
     </span>
     <span class='ocr_line' id='line_1_3' title="bbox 350 931 1548 1017; baseline 0.007 -25"><span class='ocrx_word' id='word_1_12' title='bbox 350 949 457 1014; x_wconf 91' lang='lat' dir='ltr'>supra,</span> <span class='ocrx_word' id='word_1_13' title='bbox 473 951 581 994; x_wconf 88' lang='lat' dir='ltr'>coram</span> <span class='ocrx_word' id='word_1_14' title='bbox 596 931 729 1016; x_wconf 84' lang='lat' dir='ltr'>prefatis</span> <span class='ocrx_word' id='word_1_15' title='bbox 741 932 930 1017; x_wconf 79' lang='lat' dir='ltr'>justiciariis</span> <span class='ocrx_word' id='word_1_16' title='bbox 941 936 1155 1001; x_wconf 89' lang='lat' dir='ltr'>convenirent</span> <span class='ocrx_word' id='word_1_17' title='bbox 1166 935 1263 1001; x_wconf 86' lang='lat' dir='ltr'>certis</span> <span class='ocrx_word' id='word_1_18' title='bbox 1279 935 1393 1000; x_wconf 93' lang='lat' dir='ltr'>diebus</span> <span class='ocrx_word' id='word_1_19' title='bbox 1409 945 1443 1000; x_wconf 93' lang='lat' dir='ltr'>et</span> <span class='ocrx_word' id='word_1_20' title='bbox 1455 934 1548 1015; x_wconf 88' lang='lat' dir='ltr'>locis,</span> 
     </span>
     <span class='ocr_line' id='line_1_4' title="bbox 348 1031 1548 1118; baseline 0.008 -25"><span class='ocrx_word' id='word_1_21' title='bbox 348 1051 431 1114; x_wconf 90' lang='lat' dir='ltr'>quos</span> <span class='ocrx_word' id='word_1_22' title='bbox 456 1031 594 1116; x_wconf 86' lang='lat' dir='ltr'>predicti</span> <span class='ocrx_word' id='word_1_23' title='bbox 613 1033 785 1118; x_wconf 85' lang='lat' dir='ltr'>justiciarii</span> <span class='ocrx_word' id='word_1_24' title='bbox 799 1035 1046 1101; x_wconf 81' lang='lat' dir='ltr'>vicecomitibus</span> <span class='ocrx_word' id='word_1_25' title='bbox 1070 1037 1152 1102; x_wconf 92' lang='lat' dir='ltr'>scire</span> <span class='ocrx_word' id='word_1_26' title='bbox 1174 1038 1327 1117; x_wconf 80' lang='lat' dir='ltr'>facerent,</span> <span class='ocrx_word' id='word_1_27' title='bbox 1353 1058 1429 1101; x_wconf 91' lang='lat' dir='ltr'>cum</span> <span class='ocrx_word' id='word_1_28' title='bbox 1449 1037 1548 1102; x_wconf 78' lang='lat' dir='ltr'>talliis</span> 
     </span>
     <span class='ocr_line' id='line_1_5' title="bbox 349 1133 1549 1222; baseline 0.008 -28"><span class='ocrx_word' id='word_1_29' title='bbox 349 1153 407 1197; x_wconf 90' lang='lat' dir='ltr'>seu</span> <span class='ocrx_word' id='word_1_30' title='bbox 422 1133 494 1198; x_wconf 88' lang='lat' dir='ltr'>aliis</span> <span class='ocrx_word' id='word_1_31' title='bbox 520 1135 730 1220; x_wconf 84' lang='lat' dir='ltr'>squietanciis</span> <span class='ocrx_word' id='word_1_32' title='bbox 745 1136 814 1200; x_wconf 93' lang='lat' dir='ltr'>suis</span> <span class='ocrx_word' id='word_1_33' title='bbox 829 1138 976 1222; x_wconf 77' lang='lat' dir='ltr'>querelas</span> <span class='ocrx_word' id='word_1_34' title='bbox 1001 1161 1110 1204; x_wconf 90' lang='lat' dir='ltr'>coram</span> <span class='ocrx_word' id='word_1_35' title='bbox 1136 1138 1259 1204; x_wconf 91' lang='lat' dir='ltr'>eisdem</span> <span class='ocrx_word' id='word_1_36' title='bbox 1283 1139 1456 1204; x_wconf 89' lang='lat' dir='ltr'>ostensuri.</span> <span class='ocrx_word' id='word_1_37' title='bbox 1501 1140 1549 1204; x_wconf 86' lang='lat' dir='ltr'>Et</span> 
     </span>
     <span class='ocr_line' id='line_1_6' title="bbox 349 1237 1547 1329; baseline 0.007 -31"><span class='ocrx_word' id='word_1_38' title='bbox 349 1237 436 1320; x_wconf 92' lang='lat' dir='ltr'>quod</span> <span class='ocrx_word' id='word_1_39' title='bbox 452 1258 566 1304; x_wconf 90' lang='lat' dir='ltr'>omnes</span> <span class='ocrx_word' id='word_1_40' title='bbox 588 1237 635 1302; x_wconf 94' lang='lat' dir='ltr'>illi</span> <span class='ocrx_word' id='word_1_41' title='bbox 650 1239 706 1324; x_wconf 91' lang='lat' dir='ltr'>qui</span> <span class='ocrx_word' id='word_1_42' title='bbox 725 1239 932 1306; x_wconf 85' lang='lat' dir='ltr'>vicecomites</span> <span class='ocrx_word' id='word_1_43' title='bbox 957 1263 1016 1306; x_wconf 91' lang='lat' dir='ltr'>seu</span> <span class='ocrx_word' id='word_1_44' title='bbox 1034 1241 1145 1307; x_wconf 91' lang='lat' dir='ltr'>ballivi</span> <span class='ocrx_word' id='word_1_45' title='bbox 1167 1242 1370 1329; x_wconf 89' lang='lat' dir='ltr'>temporibus</span> <span class='ocrx_word' id='word_1_46' title='bbox 1393 1241 1547 1327; x_wconf 89' lang='lat' dir='ltr'>predictis</span> 
     </span>
     <span class='ocr_line' id='line_1_7' title="bbox 347 1339 1547 1431; baseline 0.004 -28"><span class='ocrx_word' id='word_1_47' title='bbox 347 1339 536 1420; x_wconf 87' lang='lat' dir='ltr'>extiterunt,</span> <span class='ocrx_word' id='word_1_48' title='bbox 547 1341 600 1405; x_wconf 91' lang='lat' dir='ltr'>vel</span> <span class='ocrx_word' id='word_1_49' title='bbox 614 1342 750 1408; x_wconf 90' lang='lat' dir='ltr'>heredes</span> <span class='ocrx_word' id='word_1_50' title='bbox 766 1365 825 1408; x_wconf 92' lang='lat' dir='ltr'>seu</span> <span class='ocrx_word' id='word_1_51' title='bbox 838 1353 989 1409; x_wconf 90' lang='lat' dir='ltr'>tenentes</span> <span class='ocrx_word' id='word_1_52' title='bbox 1004 1354 1106 1410; x_wconf 88' lang='lat' dir='ltr'>terras</span> <span class='ocrx_word' id='word_1_53' title='bbox 1121 1344 1309 1426; x_wconf 87' lang='lat' dir='ltr'>eorundem,</span> <span class='ocrx_word' id='word_1_54' title='bbox 1321 1345 1350 1409; x_wconf 89' lang='lat' dir='ltr'>si</span> <span class='ocrx_word' id='word_1_55' title='bbox 1364 1346 1420 1431; x_wconf 90' lang='lat' dir='ltr'>qui</span> <span class='ocrx_word' id='word_1_56' title='bbox 1434 1367 1547 1410; x_wconf 88' lang='lat' dir='ltr'>eorum</span> 
     </span>
     <span class='ocr_line' id='line_1_8' title="bbox 347 1444 1623 1534; baseline 0.004 -27"><span class='ocrx_word' id='word_1_57' title='bbox 347 1444 468 1508; x_wconf 88' lang='lat' dir='ltr'>mortui</span> <span class='ocrx_word' id='word_1_58' title='bbox 482 1444 613 1522; x_wconf 80' lang='lat' dir='ltr'>fuerint,</span> <span class='ocrx_word' id='word_1_59' title='bbox 628 1455 708 1510; x_wconf 91' lang='lat' dir='ltr'>tunc</span> <span class='ocrx_word' id='word_1_60' title='bbox 729 1446 926 1510; x_wconf 88' lang='lat' dir='ltr'>interessent</span> <span class='ocrx_word' id='word_1_61' title='bbox 942 1448 1082 1532; x_wconf 88' lang='lat' dir='ltr'>querelis</span> <span class='ocrx_word' id='word_1_62' title='bbox 1106 1448 1326 1534; x_wconf 83' lang='lat' dir='ltr'>predictorum</span> <span class='ocrx_word' id='word_1_63' title='bbox 1348 1448 1547 1534; x_wconf 87' lang='lat' dir='ltr'>responsuri,</span> <span class='ocrx_word' id='word_1_64' title='bbox 1579 1461 1582 1474; x_wconf 76' lang='grc'>’</span> <span class='ocrx_word' id='word_1_65' title='bbox 1621 1445 1623 1450; x_wconf 69' lang='grc'><strong>’</strong></span> 
     </span>
    </p>
   </div>
   <div class='ocr_carea' id='block_1_3' title="bbox 336 1545 1548 4374">
    <p class='ocr_par' dir='ltr' id='par_1_3' title="bbox 343 1545 1548 2554">
     <span class='ocr_line' id='line_1_9' title="bbox 347 1545 1547 1635; baseline 0.005 -27"><span class='ocrx_word' id='word_1_66' title='bbox 347 1545 376 1609; x_wconf 91' lang='lat' dir='ltr'>si</span> <span class='ocrx_word' id='word_1_67' title='bbox 405 1545 468 1610; x_wconf 91' lang='lat' dir='ltr'>sibi</span> <span class='ocrx_word' id='word_1_68' title='bbox 497 1547 638 1611; x_wconf 89' lang='lat' dir='ltr'>viderint</span> <span class='ocrx_word' id='word_1_69' title='bbox 662 1548 826 1632; x_wconf 87' lang='lat' dir='ltr'>expedire,</span> <span class='ocrx_word' id='word_1_70' title='bbox 851 1559 885 1613; x_wconf 91' lang='lat' dir='ltr'>et</span> <span class='ocrx_word' id='word_1_71' title='bbox 910 1551 999 1634; x_wconf 93' lang='lat' dir='ltr'>quod</span> <span class='ocrx_word' id='word_1_72' title='bbox 1024 1549 1249 1634; x_wconf 89' lang='lat' dir='ltr'>premunirent</span> <span class='ocrx_word' id='word_1_73' title='bbox 1274 1571 1342 1629; x_wconf 90' lang='lat' dir='ltr'>eos,</span> <span class='ocrx_word' id='word_1_74' title='bbox 1365 1551 1453 1635; x_wconf 92' lang='lat' dir='ltr'>quod</span> <span class='ocrx_word' id='word_1_75' title='bbox 1479 1550 1547 1614; x_wconf 88' lang='lat' dir='ltr'>sive</span> 
     </span>
     <span class='ocr_line' id='line_1_10' title="bbox 347 1647 1547 1737; baseline 0.003 -25"><span class='ocrx_word' id='word_1_76' title='bbox 347 1647 515 1712; x_wconf 86' lang='lat' dir='ltr'>venissent</span> <span class='ocrx_word' id='word_1_77' title='bbox 529 1649 597 1714; x_wconf 89' lang='lat' dir='ltr'>sive</span> <span class='ocrx_word' id='word_1_78' title='bbox 613 1672 691 1728; x_wconf 90' lang='lat' dir='ltr'>non,</span> <span class='ocrx_word' id='word_1_79' title='bbox 706 1651 747 1714; x_wconf 84' lang='lat' dir='ltr'>sd</span> <span class='ocrx_word' id='word_1_80' title='bbox 761 1651 952 1737; x_wconf 90' lang='lat' dir='ltr'>hujusmodi</span> <span class='ocrx_word' id='word_1_81' title='bbox 966 1651 1199 1737; x_wconf 90' lang='lat' dir='ltr'>inquisiciones</span> <span class='ocrx_word' id='word_1_82' title='bbox 1214 1651 1456 1737; x_wconf 87' lang='lat' dir='ltr'>procederetur.</span> <span class='ocrx_word' id='word_1_83' title='bbox 1500 1652 1547 1716; x_wconf 86' lang='lat' dir='ltr'>Et</span> 
     </span>
     <span class='ocr_line' id='line_1_11' title="bbox 347 1750 1548 1840; baseline 0.006 -27"><span class='ocrx_word' id='word_1_84' title='bbox 347 1750 435 1836; x_wconf 93' lang='lat' dir='ltr'>quod</span> <span class='ocrx_word' id='word_1_85' title='bbox 449 1751 560 1817; x_wconf 89' lang='lat' dir='ltr'>venire</span> <span class='ocrx_word' id='word_1_86' title='bbox 575 1753 718 1818; x_wconf 79' lang='lat' dir='ltr'>lacerent</span> <span class='ocrx_word' id='word_1_87' title='bbox 732 1775 840 1819; x_wconf 91' lang='lat' dir='ltr'>coram</span> <span class='ocrx_word' id='word_1_88' title='bbox 856 1754 1010 1839; x_wconf 87' lang='lat' dir='ltr'>predictis</span> <span class='ocrx_word' id='word_1_89' title='bbox 1034 1755 1075 1820; x_wconf 89' lang='lat' dir='ltr'>de</span> <span class='ocrx_word' id='word_1_90' title='bbox 1098 1755 1233 1840; x_wconf 89' lang='lat' dir='ltr'>singulis</span> <span class='ocrx_word' id='word_1_91' title='bbox 1255 1754 1434 1819; x_wconf 87' lang='lat' dir='ltr'>hundredis</span> <span class='ocrx_word' id='word_1_92' title='bbox 1448 1763 1500 1818; x_wconf 92' lang='lat' dir='ltr'>tot</span> <span class='ocrx_word' id='word_1_93' title='bbox 1513 1761 1548 1820; x_wconf 89' lang='lat' dir='ltr'>et</span> 
     </span>
     <span class='ocr_line' id='line_1_12' title="bbox 346 1853 1548 1941; baseline 0.001 -24"><span class='ocrx_word' id='word_1_94' title='bbox 346 1853 438 1933; x_wconf 86' lang='lat' dir='ltr'>tales,</span> <span class='ocrx_word' id='word_1_95' title='bbox 453 1861 519 1918; x_wconf 84' lang='lat' dir='ltr'>tam</span> <span class='ocrx_word' id='word_1_96' title='bbox 535 1854 655 1918; x_wconf 89' lang='lat' dir='ltr'>milites</span> <span class='ocrx_word' id='word_1_97' title='bbox 670 1877 767 1939; x_wconf 90' lang='lat' dir='ltr'>quam</span> <span class='ocrx_word' id='word_1_98' title='bbox 782 1855 862 1919; x_wconf 93' lang='lat' dir='ltr'>alios</span> <span class='ocrx_word' id='word_1_99' title='bbox 876 1855 999 1941; x_wconf 91' lang='lat' dir='ltr'>probos</span> <span class='ocrx_word' id='word_1_100' title='bbox 1014 1863 1049 1920; x_wconf 89' lang='lat' dir='ltr'>et</span> <span class='ocrx_word' id='word_1_101' title='bbox 1062 1855 1181 1940; x_wconf 88' lang='lat' dir='ltr'>legales</span> <span class='ocrx_word' id='word_1_102' title='bbox 1203 1853 1363 1933; x_wconf 89' lang='lat' dir='ltr'>homines,</span> <span class='ocrx_word' id='word_1_103' title='bbox 1379 1855 1434 1940; x_wconf 94' lang='lat' dir='ltr'>qui</span> <span class='ocrx_word' id='word_1_104' title='bbox 1457 1855 1548 1919; x_wconf 83' lang='lat' dir='ltr'>nulls</span> 
     </span>
     <span class='ocr_line' id='line_1_13' title="bbox 345 1956 1546 2043; baseline -0.001 -22"><span class='ocrx_word' id='word_1_105' title='bbox 345 1956 501 2022; x_wconf 76' lang='lat' dir='ltr'>affinitate</span> <span class='ocrx_word' id='word_1_106' title='bbox 526 1957 698 2042; x_wconf 81' lang='lat' dir='ltr'>attingant,</span> <span class='ocrx_word' id='word_1_107' title='bbox 722 1979 781 2042; x_wconf 88' lang='lat' dir='ltr'>per</span> <span class='ocrx_word' id='word_1_108' title='bbox 802 1979 885 2043; x_wconf 91' lang='lat' dir='ltr'>quos</span> <span class='ocrx_word' id='word_1_109' title='bbox 907 1959 955 2023; x_wconf 90' lang='lat' dir='ltr'>rei</span> <span class='ocrx_word' id='word_1_110' title='bbox 979 1959 1099 2023; x_wconf 85' lang='lat' dir='ltr'>veritas</span> <span class='ocrx_word' id='word_1_111' title='bbox 1125 1958 1244 2023; x_wconf 87' lang='lat' dir='ltr'>melius</span> <span class='ocrx_word' id='word_1_112' title='bbox 1271 1958 1347 2022; x_wconf 87' lang='lat' dir='ltr'>sciri</span> <span class='ocrx_word' id='word_1_113' title='bbox 1372 1965 1486 2043; x_wconf 90' lang='lat' dir='ltr'>posset</span> <span class='ocrx_word' id='word_1_114' title='bbox 1511 1965 1546 2021; x_wconf 90' lang='lat' dir='ltr'>et</span> 
     </span>
     <span class='ocr_line' id='line_1_14' title="bbox 344 2057 1545 2144; baseline 0.001 -22"><span class='ocrx_word' id='word_1_115' title='bbox 344 2057 473 2144; x_wconf 89' lang='lat' dir='ltr'>inquiri.</span> <span class='ocrx_word' id='word_1_116' title='bbox 517 2060 564 2124; x_wconf 85' lang='lat' dir='ltr'>Et</span> <span class='ocrx_word' id='word_1_117' title='bbox 578 2061 666 2144; x_wconf 94' lang='lat' dir='ltr'>quod</span> <span class='ocrx_word' id='word_1_118' title='bbox 680 2059 839 2125; x_wconf 81' lang='lat' dir='ltr'>haberent</span> <span class='ocrx_word' id='word_1_119' title='bbox 853 2060 973 2126; x_wconf 85' lang='lat' dir='ltr'>ibidem</span> <span class='ocrx_word' id='word_1_120' title='bbox 994 2061 1099 2127; x_wconf 90' lang='lat' dir='ltr'>tallias</span> <span class='ocrx_word' id='word_1_121' title='bbox 1115 2061 1155 2126; x_wconf 93' lang='lat' dir='ltr'>de</span> <span class='ocrx_word' id='word_1_122' title='bbox 1178 2059 1344 2126; x_wconf 85' lang='lat' dir='ltr'>Scaccario</span> <span class='ocrx_word' id='word_1_123' title='bbox 1360 2061 1400 2124; x_wconf 91' lang='lat' dir='ltr'>de</span> <span class='ocrx_word' id='word_1_124' title='bbox 1426 2060 1545 2124; x_wconf 89' lang='lat' dir='ltr'>debitis</span> 
     </span>
     <span class='ocr_line' id='line_1_15' title="bbox 345 2160 1545 2240; baseline 0.002 -17"><span class='ocrx_word' id='word_1_125' title='bbox 345 2160 412 2224; x_wconf 90' lang='lat' dir='ltr'>suis</span> <span class='ocrx_word' id='word_1_126' title='bbox 427 2161 481 2224; x_wconf 92' lang='lat' dir='ltr'>vel</span> <span class='ocrx_word' id='word_1_127' title='bbox 501 2170 744 2225; x_wconf 76' lang='lat' dir='ltr'>antecessorum</span> <span class='ocrx_word' id='word_1_128' title='bbox 767 2183 901 2226; x_wconf 90' lang='lat' dir='ltr'>suorum</span> <span class='ocrx_word' id='word_1_129' title='bbox 924 2162 1040 2226; x_wconf 92' lang='lat' dir='ltr'>solutis</span> <span class='ocrx_word' id='word_1_130' title='bbox 1062 2161 1184 2228; x_wconf 84' lang='lat' dir='ltr'>ibidem</span> <span class='ocrx_word' id='word_1_131' title='bbox 1209 2163 1357 2227; x_wconf 90' lang='lat' dir='ltr'>nondum</span> <span class='ocrx_word' id='word_1_132' title='bbox 1383 2161 1545 2240; x_wconf 79' lang='lat' dir='ltr'>allocutae,</span> 
     </span>
     <span class='ocr_line' id='line_1_16' title="bbox 344 2263 1545 2350; baseline 0.002 -24"><span class='ocrx_word' id='word_1_133' title='bbox 344 2263 386 2326; x_wconf 87' lang='lat' dir='ltr'>ad</span> <span class='ocrx_word' id='word_1_134' title='bbox 396 2263 579 2328; x_wconf 83' lang='lat' dir='ltr'>laciendum</span> <span class='ocrx_word' id='word_1_135' title='bbox 591 2264 679 2349; x_wconf 94' lang='lat' dir='ltr'>quod</span> <span class='ocrx_word' id='word_1_136' title='bbox 691 2264 737 2329; x_wconf 93' lang='lat' dir='ltr'>eis</span> <span class='ocrx_word' id='word_1_137' title='bbox 753 2264 906 2329; x_wconf 90' lang='lat' dir='ltr'>dominus</span> <span class='ocrx_word' id='word_1_138' title='bbox 922 2266 993 2330; x_wconf 87' lang='lat' dir='ltr'>Rex</span> <span class='ocrx_word' id='word_1_139' title='bbox 1008 2265 1161 2350; x_wconf 88' lang='lat' dir='ltr'>injunxit.</span> <span class='ocrx_word' id='word_1_140' title='bbox 1183 2263 1359 2349; x_wconf 83' lang='lat' dir='ltr'>Alioquin3</span> <span class='ocrx_word' id='word_1_141' title='bbox 1373 2263 1461 2326; x_wconf 83' lang='lat' dir='ltr'>tallie</span> <span class='ocrx_word' id='word_1_142' title='bbox 1472 2283 1545 2348; x_wconf 88' lang='lat' dir='ltr'>pre·</span> 
     </span>
     <span class='ocr_line' id='line_1_17' title="bbox 344 2365 1544 2451; baseline 0 -23"><span class='ocrx_word' id='word_1_143' title='bbox 344 2365 430 2430; x_wconf 91' lang='lat' dir='ltr'>dicte</span> <span class='ocrx_word' id='word_1_144' title='bbox 444 2387 505 2451; x_wconf 91' lang='lat' dir='ltr'>pro</span> <span class='ocrx_word' id='word_1_145' title='bbox 527 2387 594 2430; x_wconf 91' lang='lat' dir='ltr'>non</span> <span class='ocrx_word' id='word_1_146' title='bbox 611 2366 726 2430; x_wconf 90' lang='lat' dir='ltr'>solutis</span> <span class='ocrx_word' id='word_1_147' title='bbox 741 2375 970 2450; x_wconf 89' lang='lat' dir='ltr'>reputerentur</span> <span class='ocrx_word' id='word_1_148' title='bbox 994 2377 1028 2431; x_wconf 90' lang='lat' dir='ltr'>et</span> <span class='ocrx_word' id='word_1_149' title='bbox 1042 2388 1102 2451; x_wconf 90' lang='lat' dir='ltr'>pro</span> <span class='ocrx_word' id='word_1_150' title='bbox 1125 2365 1243 2431; x_wconf 90' lang='lat' dir='ltr'>debitis</span> <span class='ocrx_word' id='word_1_151' title='bbox 1258 2366 1293 2430; x_wconf 90' lang='lat' dir='ltr'>in</span> <span class='ocrx_word' id='word_1_152' title='bbox 1308 2365 1354 2430; x_wconf 93' lang='lat' dir='ltr'>eis</span> <span class='ocrx_word' id='word_1_153' title='bbox 1370 2365 1544 2443; x_wconf 89' lang='lat' dir='ltr'>contentis,</span> 
     </span>
     <span class='ocr_line' id='line_1_18' title="bbox 343 2468 1057 2554; baseline 0.001 -22"><span class='ocrx_word' id='word_1_154' title='bbox 343 2490 381 2532; x_wconf 94' lang='lat' dir='ltr'>ac</span> <span class='ocrx_word' id='word_1_155' title='bbox 396 2468 424 2531; x_wconf 92' lang='lat' dir='ltr'>si</span> <span class='ocrx_word' id='word_1_156' title='bbox 439 2490 477 2533; x_wconf 88' lang='lat' dir='ltr'>ea</span> <span class='ocrx_word' id='word_1_157' title='bbox 491 2489 558 2533; x_wconf 90' lang='lat' dir='ltr'>non</span> <span class='ocrx_word' id='word_1_158' title='bbox 575 2468 761 2548; x_wconf 86' lang='lat' dir='ltr'>solvissent,</span> <span class='ocrx_word' id='word_1_159' title='bbox 777 2469 1057 2554; x_wconf 85' lang='lat' dir='ltr'>distringerentur.</span> 
     </span>
    </p>

    <p class='ocr_par' dir='ltr' id='par_1_4' title="bbox 337 2569 1543 3867">
     <span class='ocr_line' id='line_1_19' title="bbox 387 2569 1542 2658; baseline -0.001 -23"><span class='ocrx_word' id='word_1_160' title='bbox 387 2571 472 2636; x_wconf 90' lang='lat' dir='ltr'>Item</span> <span class='ocrx_word' id='word_1_161' title='bbox 487 2571 722 2657; x_wconf 81' lang='lat' dir='ltr'>proclamatum</span> <span class='ocrx_word' id='word_1_162' title='bbox 736 2569 799 2634; x_wconf 86' lang='lat' dir='ltr'>fuit</span> <span class='ocrx_word' id='word_1_163' title='bbox 813 2571 901 2655; x_wconf 93' lang='lat' dir='ltr'>quod</span> <span class='ocrx_word' id='word_1_164' title='bbox 916 2592 1030 2635; x_wconf 90' lang='lat' dir='ltr'>omnes</span> <span class='ocrx_word' id='word_1_165' title='bbox 1053 2571 1195 2658; x_wconf 85' lang='lat' dir='ltr'>religiosi</span> <span class='ocrx_word' id='word_1_166' title='bbox 1218 2582 1252 2638; x_wconf 91' lang='lat' dir='ltr'>et</span> <span class='ocrx_word' id='word_1_167' title='bbox 1266 2571 1321 2636; x_wconf 85' lang='lat' dir='ltr'>alii</span> <span class='ocrx_word' id='word_1_168' title='bbox 1335 2571 1542 2656; x_wconf 87' lang='lat' dir='ltr'>quicumque,</span> 
     </span>
     <span class='ocr_line' id='line_1_20' title="bbox 342 2672 1541 2760; baseline 0.003 -23"><span class='ocrx_word' id='word_1_169' title='bbox 342 2673 397 2759; x_wconf 90' lang='lat' dir='ltr'>qui</span> <span class='ocrx_word' id='word_1_170' title='bbox 419 2695 478 2758; x_wconf 91' lang='lat' dir='ltr'>per</span> <span class='ocrx_word' id='word_1_171' title='bbox 500 2683 603 2739; x_wconf 90' lang='lat' dir='ltr'>cartas</span> <span class='ocrx_word' id='word_1_172' title='bbox 618 2673 885 2758; x_wconf 84' lang='lat' dir='ltr'>predecessorum</span> <span class='ocrx_word' id='word_1_173' title='bbox 909 2674 1034 2739; x_wconf 91' lang='lat' dir='ltr'>domini</span> <span class='ocrx_word' id='word_1_174' title='bbox 1049 2673 1147 2760; x_wconf 89' lang='lat' dir='ltr'>Regis</span> <span class='ocrx_word' id='word_1_175' title='bbox 1168 2697 1268 2756; x_wconf 90' lang='lat' dir='ltr'>nunc,</span> <span class='ocrx_word' id='word_1_176' title='bbox 1282 2675 1335 2739; x_wconf 92' lang='lat' dir='ltr'>vel</span> <span class='ocrx_word' id='word_1_177' title='bbox 1358 2675 1421 2739; x_wconf 88' lang='lat' dir='ltr'>alio</span> <span class='ocrx_word' id='word_1_178' title='bbox 1442 2672 1541 2740; x_wconf 92' lang='lat' dir='ltr'>modo</span> 
     </span>
     <span class='ocr_line' id='line_1_21' title="bbox 341 2776 1543 2864; baseline 0 -22"><span class='ocrx_word' id='word_1_179' title='bbox 341 2777 615 2842; x_wconf 86' lang='lat' dir='ltr'>clamanthabere</span> <span class='ocrx_word' id='word_1_180' title='bbox 630 2777 774 2842; x_wconf 89' lang='lat' dir='ltr'>diversas</span> <span class='ocrx_word' id='word_1_181' title='bbox 796 2776 974 2858; x_wconf 87' lang='lat' dir='ltr'>libertates,</span> <span class='ocrx_word' id='word_1_182' title='bbox 988 2787 1100 2844; x_wconf 88' lang='lat' dir='ltr'>essent</span> <span class='ocrx_word' id='word_1_183' title='bbox 1122 2801 1230 2844; x_wconf 85' lang='lat' dir='ltr'>coram</span> <span class='ocrx_word' id='word_1_184' title='bbox 1256 2779 1450 2864; x_wconf 81' lang='lat' dir='ltr'>supradictis</span> <span class='ocrx_word' id='word_1_185' title='bbox 1471 2778 1543 2862; x_wconf 88' lang='lat' dir='ltr'>jus·</span> 
     </span>
     <span class='ocr_line' id='line_1_22' title="bbox 340 2879 1541 2964; baseline -0.002 -20"><span class='ocrx_word' id='word_1_186' title='bbox 340 2879 472 2944; x_wconf 89' lang='lat' dir='ltr'>ticiariis</span> <span class='ocrx_word' id='word_1_187' title='bbox 502 2900 577 2943; x_wconf 91' lang='lat' dir='ltr'>cum</span> <span class='ocrx_word' id='word_1_188' title='bbox 607 2879 704 2944; x_wconf 89' lang='lat' dir='ltr'>cartis</span> <span class='ocrx_word' id='word_1_189' title='bbox 734 2889 768 2943; x_wconf 92' lang='lat' dir='ltr'>et</span> <span class='ocrx_word' id='word_1_190' title='bbox 797 2879 1010 2944; x_wconf 90' lang='lat' dir='ltr'>munimentis</span> <span class='ocrx_word' id='word_1_191' title='bbox 1047 2879 1127 2959; x_wconf 92' lang='lat' dir='ltr'>suis,</span> <span class='ocrx_word' id='word_1_192' title='bbox 1157 2880 1321 2944; x_wconf 85' lang='lat' dir='ltr'>ostensuri</span> <span class='ocrx_word' id='word_1_193' title='bbox 1357 2879 1541 2964; x_wconf 90' lang='lat' dir='ltr'>cujusmodi</span> 
     </span>
     <span class='ocr_line' id='line_1_23' title="bbox 340 2979 1541 3064; baseline -0.002 -19"><span class='ocrx_word' id='word_1_194' title='bbox 340 2980 507 3045; x_wconf 75' lang='lat' dir='ltr'>libertates</span> <span class='ocrx_word' id='word_1_195' title='bbox 521 2980 673 3054; x_wconf 89' lang='lat' dir='ltr'>clamant,</span> <span class='ocrx_word' id='word_1_196' title='bbox 688 2989 723 3044; x_wconf 91' lang='lat' dir='ltr'>et</span> <span class='ocrx_word' id='word_1_197' title='bbox 737 2979 855 3064; x_wconf 88' lang='lat' dir='ltr'>quibus</span> <span class='ocrx_word' id='word_1_198' title='bbox 877 2979 1092 3064; x_wconf 91' lang='lat' dir='ltr'>temporibus,</span> <span class='ocrx_word' id='word_1_199' title='bbox 1107 2989 1141 3044; x_wconf 91' lang='lat' dir='ltr'>et</span> <span class='ocrx_word' id='word_1_200' title='bbox 1162 2979 1337 3064; x_wconf 89' lang='lat' dir='ltr'>quomodo,</span> <span class='ocrx_word' id='word_1_201' title='bbox 1352 2988 1387 3042; x_wconf 91' lang='lat' dir='ltr'>et</span> <span class='ocrx_word' id='word_1_202' title='bbox 1405 2979 1541 3062; x_wconf 81' lang='lat' dir='ltr'>qualiter</span> 
     </span>
     <span class='ocr_line' id='line_1_24' title="bbox 340 3077 1539 3166; baseline -0.005 -19"><span class='ocrx_word' id='word_1_203' title='bbox 340 3081 389 3147; x_wconf 88' lang='lat' dir='ltr'>eis</span> <span class='ocrx_word' id='word_1_204' title='bbox 404 3082 562 3147; x_wconf 90' lang='lat' dir='ltr'>hactenus</span> <span class='ocrx_word' id='word_1_205' title='bbox 576 3082 627 3145; x_wconf 94' lang='lat' dir='ltr'>usi</span> <span class='ocrx_word' id='word_1_206' title='bbox 642 3083 785 3146; x_wconf 84' lang='lat' dir='ltr'>fuerunt.</span> <span class='ocrx_word' id='word_1_207' title='bbox 828 3083 875 3146; x_wconf 82' lang='lat' dir='ltr'>Et</span> <span class='ocrx_word' id='word_1_208' title='bbox 892 3091 1082 3166; x_wconf 89' lang='lat' dir='ltr'>preceptum</span> <span class='ocrx_word' id='word_1_209' title='bbox 1104 3081 1168 3144; x_wconf 84' lang='lat' dir='ltr'>fuit</span> <span class='ocrx_word' id='word_1_210' title='bbox 1181 3079 1425 3146; x_wconf 88' lang='lat' dir='ltr'>vicecomitibus</span> <span class='ocrx_word' id='word_1_211' title='bbox 1451 3077 1539 3162; x_wconf 92' lang='lat' dir='ltr'>quod</span> 
     </span>
     <span class='ocr_line' id='line_1_25' title="bbox 339 3178 1540 3248; baseline -0.002 -2"><span class='ocrx_word' id='word_1_212' title='bbox 339 3181 451 3248; x_wconf 85' lang='lat' dir='ltr'>venire</span> <span class='ocrx_word' id='word_1_213' title='bbox 473 3183 616 3247; x_wconf 82' lang='lat' dir='ltr'>facerent</span> <span class='ocrx_word' id='word_1_214' title='bbox 640 3203 749 3246; x_wconf 79' lang='lat' dir='ltr'>corum</span> <span class='ocrx_word' id='word_1_215' title='bbox 774 3181 822 3246; x_wconf 91' lang='lat' dir='ltr'>eis</span> <span class='ocrx_word' id='word_1_216' title='bbox 843 3181 1051 3246; x_wconf 88' lang='lat' dir='ltr'>vicecomites</span> <span class='ocrx_word' id='word_1_217' title='bbox 1073 3189 1108 3246; x_wconf 89' lang='lat' dir='ltr'>et</span> <span class='ocrx_word' id='word_1_218' title='bbox 1132 3179 1270 3244; x_wconf 88' lang='lat' dir='ltr'>ballivos</span> <span class='ocrx_word' id='word_1_219' title='bbox 1292 3178 1480 3242; x_wconf 88' lang='lat' dir='ltr'>libertatum</span> <span class='ocrx_word' id='word_1_220' title='bbox 1506 3189 1540 3244; x_wconf 91' lang='lat' dir='ltr'>et</span> 
     </span>
     <span class='ocr_line' id='line_1_26' title="bbox 340 3281 1539 3367; baseline -0.006 -16"><span class='ocrx_word' id='word_1_221' title='bbox 340 3307 453 3351; x_wconf 92' lang='lat' dir='ltr'>eorum</span> <span class='ocrx_word' id='word_1_222' title='bbox 468 3284 624 3363; x_wconf 89' lang='lat' dir='ltr'>bedellos,</span> <span class='ocrx_word' id='word_1_223' title='bbox 644 3285 713 3348; x_wconf 88' lang='lat' dir='ltr'>sive</span> <span class='ocrx_word' id='word_1_224' title='bbox 738 3283 821 3348; x_wconf 80' lang='lat' dir='ltr'>infra</span> <span class='ocrx_word' id='word_1_225' title='bbox 845 3283 1028 3349; x_wconf 84' lang='lat' dir='ltr'>libertatem</span> <span class='ocrx_word' id='word_1_226' title='bbox 1055 3283 1123 3348; x_wconf 90' lang='lat' dir='ltr'>sive</span> <span class='ocrx_word' id='word_1_227' title='bbox 1149 3291 1250 3362; x_wconf 83' lang='lat' dir='ltr'>extra,</span> <span class='ocrx_word' id='word_1_228' title='bbox 1265 3281 1321 3367; x_wconf 91' lang='lat' dir='ltr'>qui</span> <span class='ocrx_word' id='word_1_229' title='bbox 1346 3290 1539 3367; x_wconf 91' lang='lat' dir='ltr'>receperunt</span> 
     </span>
     <span class='ocr_line' id='line_1_27' title="bbox 339 3383 1538 3472; baseline -0.004 -18"><span class='ocrx_word' id='word_1_230' title='bbox 339 3387 630 3454; x_wconf 86' lang='lat' dir='ltr'>summonicionem</span> <span class='ocrx_word' id='word_1_231' title='bbox 642 3386 710 3452; x_wconf 91' lang='lat' dir='ltr'>sive</span> <span class='ocrx_word' id='word_1_232' title='bbox 725 3395 884 3452; x_wconf 78' lang='lat' dir='ltr'>extractus</span> <span class='ocrx_word' id='word_1_233' title='bbox 897 3385 1052 3451; x_wconf 84' lang='lat' dir='ltr'>Scaccsrii</span> <span class='ocrx_word' id='word_1_234' title='bbox 1066 3385 1204 3472; x_wconf 85' lang='lat' dir='ltr'>predicti</span> <span class='ocrx_word' id='word_1_235' title='bbox 1215 3406 1274 3450; x_wconf 84' lang='lat' dir='ltr'>seu</span> <span class='ocrx_word' id='word_1_236' title='bbox 1284 3383 1538 3471; x_wconf 78' lang='lat' dir='ltr'>justiciariorum</span> 
     </span>
     <span class='ocr_line' id='line_1_28' title="bbox 339 3487 1536 3573; baseline -0.008 -16"><span class='ocrx_word' id='word_1_237' title='bbox 339 3500 373 3557; x_wconf 92' lang='lat' dir='ltr'>et</span> <span class='ocrx_word' id='word_1_238' title='bbox 395 3491 532 3556; x_wconf 87' lang='lat' dir='ltr'>aliorum</span> <span class='ocrx_word' id='word_1_239' title='bbox 565 3487 789 3553; x_wconf 88' lang='lat' dir='ltr'>ministrorum</span> <span class='ocrx_word' id='word_1_240' title='bbox 819 3507 1108 3573; x_wconf 90' lang='lat' dir='ltr'>quorumcumque,</span> <span class='ocrx_word' id='word_1_241' title='bbox 1134 3507 1175 3551; x_wconf 88' lang='lat' dir='ltr'>ex</span> <span class='ocrx_word' id='word_1_242' title='bbox 1200 3506 1404 3572; x_wconf 81' lang='lat' dir='ltr'>quecumque</span> <span class='ocrx_word' id='word_1_243' title='bbox 1429 3505 1536 3564; x_wconf 74' lang='lat' dir='ltr'>causa,</span> 
     </span>
     <span class='ocr_line' id='line_1_29' title="bbox 338 3586 1536 3679; baseline -0.008 -18"><span class='ocrx_word' id='word_1_244' title='bbox 338 3617 413 3661; x_wconf 93' lang='lat' dir='ltr'>cum</span> <span class='ocrx_word' id='word_1_245' title='bbox 435 3591 589 3679; x_wconf 88' lang='lat' dir='ltr'>predictis</span> <span class='ocrx_word' id='word_1_246' title='bbox 607 3589 921 3656; x_wconf 89' lang='lat' dir='ltr'>summonicionibus</span> <span class='ocrx_word' id='word_1_247' title='bbox 936 3597 969 3654; x_wconf 93' lang='lat' dir='ltr'>et</span> <span class='ocrx_word' id='word_1_248' title='bbox 990 3588 1153 3666; x_wconf 74' lang='lat' dir='ltr'>extremis,</span> <span class='ocrx_word' id='word_1_249' title='bbox 1169 3597 1238 3654; x_wconf 88' lang='lat' dir='ltr'>tam</span> <span class='ocrx_word' id='word_1_250' title='bbox 1252 3586 1416 3653; x_wconf 83' lang='lat' dir='ltr'>veteribus</span> <span class='ocrx_word' id='word_1_251' title='bbox 1439 3609 1536 3674; x_wconf 85' lang='lat' dir='ltr'>quam</span> 
     </span>
     <span class='ocr_line' id='line_1_30' title="bbox 338 3690 1536 3779; baseline -0.008 -16"><span class='ocrx_word' id='word_1_252' title='bbox 338 3698 443 3778; x_wconf 91' lang='lat' dir='ltr'>novis,</span> <span class='ocrx_word' id='word_1_253' title='bbox 458 3697 500 3762; x_wconf 91' lang='lat' dir='ltr'>ad</span> <span class='ocrx_word' id='word_1_254' title='bbox 521 3695 706 3761; x_wconf 85' lang='lat' dir='ltr'>faciendum</span> <span class='ocrx_word' id='word_1_255' title='bbox 729 3693 806 3758; x_wconf 90' lang='lat' dir='ltr'>inde</span> <span class='ocrx_word' id='word_1_256' title='bbox 826 3692 915 3778; x_wconf 90' lang='lat' dir='ltr'>quod</span> <span class='ocrx_word' id='word_1_257' title='bbox 934 3691 1072 3778; x_wconf 87' lang='lat' dir='ltr'>predicti</span> <span class='ocrx_word' id='word_1_258' title='bbox 1090 3691 1262 3779; x_wconf 81' lang='lat' dir='ltr'>justiciarii</span> <span class='ocrx_word' id='word_1_259' title='bbox 1276 3690 1447 3759; x_wconf 89' lang='lat' dir='ltr'>duxissent</span> <span class='ocrx_word' id='word_1_260' title='bbox 1460 3711 1536 3775; x_wconf 91' lang='lat' dir='ltr'>pro-</span> 
     </span>
     <span class='ocr_line' id='line_1_31' title="bbox 337 3801 526 3867; baseline -0.016 0"><span class='ocrx_word' id='word_1_261' title='bbox 337 3801 526 3867; x_wconf 88' lang='lat' dir='ltr'>videndum.</span> 
     </span>
    </p>

    <p class='ocr_par' dir='ltr' id='par_1_5' title="bbox 336 3893 1535 4189">
     <span class='ocr_line' id='line_1_32' title="bbox 382 3893 1535 3984; baseline -0.009 -17"><span class='ocrx_word' id='word_1_262' title='bbox 382 3903 468 3967; x_wconf 88' lang='lat' dir='ltr'>Item</span> <span class='ocrx_word' id='word_1_263' title='bbox 483 3902 635 3966; x_wconf 89' lang='lat' dir='ltr'>dominus</span> <span class='ocrx_word' id='word_1_264' title='bbox 650 3901 724 3965; x_wconf 83' lang='lat' dir='ltr'>Rex</span> <span class='ocrx_word' id='word_1_265' title='bbox 739 3897 915 3984; x_wconf 76' lang='lat' dir='ltr'>assignavit</span> <span class='ocrx_word' id='word_1_266' title='bbox 936 3899 1068 3963; x_wconf 91' lang='lat' dir='ltr'>eosdem</span> <span class='ocrx_word' id='word_1_267' title='bbox 1087 3895 1285 3983; x_wconf 81' lang='lat' dir='ltr'>justiciarius</span> <span class='ocrx_word' id='word_1_268' title='bbox 1308 3893 1349 3962; x_wconf 89' lang='lat' dir='ltr'>ad</span> <span class='ocrx_word' id='word_1_269' title='bbox 1370 3893 1535 3982; x_wconf 87' lang='lat' dir='ltr'>inquiren·</span> 
     </span>
     <span class='ocr_line' id='line_1_33' title="bbox 337 3995 1535 4091; baseline -0.014 -17"><span class='ocrx_word' id='word_1_270' title='bbox 337 4007 417 4074; x_wconf 91' lang='lat' dir='ltr'>dum</span> <span class='ocrx_word' id='word_1_271' title='bbox 432 4027 494 4091; x_wconf 90' lang='lat' dir='ltr'>que</span> <span class='ocrx_word' id='word_1_272' title='bbox 510 4015 543 4068; x_wconf 89' lang='lat' dir='ltr'>et</span> <span class='ocrx_word' id='word_1_273' title='bbox 556 4013 638 4090; x_wconf 92' lang='lat' dir='ltr'>quot</span> <span class='ocrx_word' id='word_1_274' title='bbox 654 4003 748 4068; x_wconf 86' lang='lat' dir='ltr'>feoda</span> <span class='ocrx_word' id='word_1_275' title='bbox 762 4011 916 4067; x_wconf 89' lang='lat' dir='ltr'>tenentur</span> <span class='ocrx_word' id='word_1_276' title='bbox 931 4001 971 4066; x_wconf 93' lang='lat' dir='ltr'>de</span> <span class='ocrx_word' id='word_1_277' title='bbox 986 4023 1025 4066; x_wconf 91' lang='lat' dir='ltr'>eo</span> <span class='ocrx_word' id='word_1_278' title='bbox 1042 4001 1077 4064; x_wconf 92' lang='lat' dir='ltr'>in</span> <span class='ocrx_word' id='word_1_279' title='bbox 1092 3999 1197 4085; x_wconf 87' lang='lat' dir='ltr'>capite</span> <span class='ocrx_word' id='word_1_280' title='bbox 1217 3999 1252 4080; x_wconf 81' lang='lat' dir='ltr'>in</span> <span class='ocrx_word' id='word_1_281' title='bbox 1267 3996 1413 4085; x_wconf 92' lang='lat' dir='ltr'>quolibet</span> <span class='ocrx_word' id='word_1_282' title='bbox 1434 3995 1535 4061; x_wconf 89' lang='lat' dir='ltr'>comi·</span> 
     </span>
     <span class='ocr_line' id='line_1_34' title="bbox 336 4098 1403 4189; baseline -0.007 -19"><span class='ocrx_word' id='word_1_283' title='bbox 336 4115 419 4184; x_wconf 90' lang='lat' dir='ltr'>tatu,</span> <span class='ocrx_word' id='word_1_284' title='bbox 433 4115 467 4170; x_wconf 91' lang='lat' dir='ltr'>et</span> <span class='ocrx_word' id='word_1_285' title='bbox 481 4104 536 4189; x_wconf 89' lang='lat' dir='ltr'>qui</span> <span class='ocrx_word' id='word_1_286' title='bbox 549 4105 644 4168; x_wconf 81' lang='lat' dir='ltr'>leode</span> <span class='ocrx_word' id='word_1_287' title='bbox 657 4104 712 4168; x_wconf 85' lang='lat' dir='ltr'>illa</span> <span class='ocrx_word' id='word_1_288' title='bbox 726 4113 915 4182; x_wconf 88' lang='lat' dir='ltr'>tenuerunt,</span> <span class='ocrx_word' id='word_1_289' title='bbox 930 4111 964 4166; x_wconf 92' lang='lat' dir='ltr'>et</span> <span class='ocrx_word' id='word_1_290' title='bbox 978 4103 1012 4166; x_wconf 92' lang='lat' dir='ltr'>in</span> <span class='ocrx_word' id='word_1_291' title='bbox 1029 4099 1147 4188; x_wconf 88' lang='lat' dir='ltr'>quibus</span> <span class='ocrx_word' id='word_1_292' title='bbox 1163 4099 1249 4164; x_wconf 87' lang='lat' dir='ltr'>villis</span> <span class='ocrx_word' id='word_1_293' title='bbox 1264 4108 1299 4164; x_wconf 90' lang='lat' dir='ltr'>et</span> <span class='ocrx_word' id='word_1_294' title='bbox 1312 4098 1403 4163; x_wconf 89' lang='lat' dir='ltr'>locis.</span> 
     </span>
    </p>

    <p class='ocr_par' dir='ltr' id='par_1_6' title="bbox 380 4197 1533 4288">
     <span class='ocr_line' id='line_1_35' title="bbox 380 4197 1533 4288; baseline -0.01 -16"><span class='ocrx_word' id='word_1_295' title='bbox 380 4207 434 4272; x_wconf 84' lang='lat' dir='ltr'>Ad</span> <span class='ocrx_word' id='word_1_296' title='bbox 460 4205 562 4270; x_wconf 91' lang='lat' dir='ltr'>dictas</span> <span class='ocrx_word' id='word_1_297' title='bbox 593 4204 825 4288; x_wconf 87' lang='lat' dir='ltr'>inquisiciones</span> <span class='ocrx_word' id='word_1_298' title='bbox 854 4204 1016 4269; x_wconf 77' lang='lat' dir='ltr'>faciendas</span> <span class='ocrx_word' id='word_1_299' title='bbox 1049 4203 1084 4266; x_wconf 88' lang='lat' dir='ltr'>in</span> <span class='ocrx_word' id='word_1_300' title='bbox 1114 4201 1271 4267; x_wconf 87' lang='lat' dir='ltr'>comitatu</span> <span class='ocrx_word' id='word_1_301' title='bbox 1296 4197 1533 4266; x_wconf 86' lang='lat' dir='ltr'>Norbamtonie</span> 
     </span>
    </p>

    <p class='ocr_par' dir='ltr' id='par_1_7' title="bbox 381 4319 1352 4374">
     <span class='ocr_line' id='line_1_36' title="bbox 381 4319 1352 4374; baseline -0.01 -1"><span class='ocrx_word' id='word_1_302' title='bbox 381 4327 494 4374; x_wconf 64' lang='lat' dir='ltr'>cruc.</span> <span class='ocrx_word' id='word_1_303' title='bbox 518 4325 594 4370; x_wconf 80' lang='lat' dir='ltr'>soc.</span> <span class='ocrx_word' id='word_1_304' title='bbox 1329 4319 1352 4363; x_wconf 91' lang='lat' dir='ltr'>o</span> 
     </span>
    </p>
   </div>
   <div class='ocr_carea' id='block_1_4' title="bbox 0 0 1974 5022">
    <p class='ocr_par' dir='ltr' id='par_1_8' title="bbox 0 0 1974 5022">
     <span class='ocr_line' id='line_1_37' title="bbox 0 0 1974 5022; baseline 0 8"><span class='ocrx_word' id='word_1_305' title='bbox 0 0 1974 5022; x_wconf 95' lang='lat' dir='ltr'> </span> 
     </span>
    </p>
   </div>
  </div>
 </body>
</html>
