3812 5030
598 631 809 676 cnaoxrcou
828 631 1153 677 aaraoauaoassa.
1437 618 1471 672 21

280 777 359 842 lium
369 779 517 865 generale
533 781 694 868 Lugduno
707 783 891 869 presidente
900 805 984 869 papa
995 782 1153 868 Gregorio
1166 782 1221 846 X⁰.
1237 781 1300 846 ubi·
1320 781 1479 847 decimam

280 881 426 946 omnium
441 883 602 949 bonorum
622 886 912 953 ecclesiasticorum
932 911 957 951 a
983 887 1068 952 clero
1095 885 1197 950 totius
1224 884 1479 949 Christianitatis

279 1005 338 1069 per
353 1007 409 1050 sex
424 1009 527 1050 annos
547 989 702 1053 continue
718 1000 891 1076 sequentes
907 990 1096 1054 solvendam
1120 989 1155 1052 in
1175 988 1356 1053 subsidium
1382 988 1480 1054 Terre

280 1085 398 1152 Sancte
419 1089 507 1154 idern
533 1113 618 1176 papa
640 1093 756 1176 exegit.
801 1093 847 1157 Et
871 1093 1050 1158 taracionis
1075 1092 1213 1155 formam
1235 1091 1269 1154 in
1292 1089 1388 1154 bullis
1413 1092 1480 1154 suis

280 1190 397 1256 editam
415 1215 473 1278 per
487 1195 678 1279 magistrum
695 1196 904 1260 Remundum
920 1197 960 1261 de
975 1197 1009 1259 N
1011 1194 1139 1280 ogeriis,
1154 1205 1188 1258 et
1198 1196 1329 1258 fratrem
1356 1193 1481 1258 Johan-

279 1316 355 1358 nem
382 1295 422 1358 de
446 1295 660 1381 Derlingtona
685 1297 921 1382 predicatorem
947 1298 1032 1362 dicte
1062 1296 1186 1360 decime
1216 1307 1415 1376 executores,
1446 1297 1481 1361 in

279 1395 430 1480 Angliam
454 1397 560 1476 misit3
591 1398 645 1483 qui
669 1399 862 1464 auctoritate
892 1399 1070 1484 apostolica
1099 1419 1214 1463 omnes
1243 1399 1384 1482 prelatos
1413 1408 1480 1461 tam

281 1499 451 1582 episcopos
466 1518 563 1582 quarn
578 1500 658 1564 alios
671 1500 711 1563 ad
723 1511 958 1564 sacramentum
970 1501 1144 1585 juramenti
1159 1502 1368 1584 prestandum
1385 1523 1482 1584 super

280 1601 415 1665 veritate
430 1601 565 1666 dicenda
579 1602 620 1666 de
634 1623 712 1666 vero
726 1603 834 1666 valore
857 1602 1018 1666 bonorum
1034 1625 1167 1667 suorum
1191 1603 1426 1688 conpulerant3
1448 1613 1482 1667 ct

281 1703 462 1768 nolentium
491 1705 599 1788 jurare
620 1704 707 1768 bona
740 1713 934 1768 taxaverunt
965 1726 1025 1790 pro
1051 1706 1217 1770 voluntate
1247 1727 1315 1769 sua.
1360 1705 1405 1769 Et
1436 1706 1482 1770 sic

281 1817 473 1871 taxaverunt
487 1807 573 1872 bona
585 1808 766 1893 spectancia
777 1808 853 1872 huic
863 1808 974 1872 domui
989 1809 1029 1872 ad
1046 1805 1108 1872 Mn
1121 1805 1195 1872 Mle.
1211 1830 1344 1872 marcas.
1379 1808 1482 1890 Cujus

283 1910 407 1975 decima
429 1911 491 1975 fuit
516 1910 661 1997 quolibet
675 1933 761 1976 anno
784 1931 848 1976 .co.
865 1933 980 1976 marce.
1025 1911 1071 1975 Et
1085 1911 1336 1976 irrotulsverunt
1358 1921 1482 1976 tantam

284 2037 455 2078 summam.
501 2015 603 2099 Cujus
619 2014 856 2079 irrotulacionis
872 2014 1102 2098 transcriptum
1118 2023 1168 2079 est
1179 2016 1251 2079 hoc.

327 2119 577 2182 Memorandum
594 2119 681 2204 quod
696 2140 782 2182 anno
797 2116 932 2182 Domini
948 2118 1149 2182 .M⁰cclxxv⁰.
1166 2118 1217 2182 die
1240 2118 1365 2183 sabbati
1380 2120 1484 2204 prima

282 2221 403 2286 mensis
433 2221 611 2299 Februarii,
639 2221 891 2306 investigacione
916 2221 1114 2305 precedenti,
1144 2221 1367 2286 estimavimus
1397 2222 1483 2287 bona

283 2325 392 2388 omnia
415 2334 482 2388 tam
509 2324 688 2408 spiritualia
714 2346 810 2408 quarn
837 2323 1027 2407 temporalia
1050 2321 1176 2387 abbatis
1191 2333 1225 2386 et
1240 2334 1420 2389 conventus
1443 2326 1483 2390 de

283 2428 392 2513 Burgo
419 2428 521 2492 sancti
553 2427 639 2491 Petri
663 2426 831 2491 Lincolnie
857 2426 1004 2502 diocesis,
1030 2425 1062 2488 in
1091 2425 1259 2490 Lincolnie
1283 2437 1316 2490 et
1345 2426 1485 2490 Eboraci

283 2531 465 2596 diocesibus
481 2530 666 2610 existenda,
682 2529 860 2594 secundum
885 2551 997 2593 verum
1013 2528 1155 2592 valorem
1176 2529 1217 2592 ad
1233 2523 1297 2592 M¹e
1312 2527 1385 2592 M¹⁶.
1400 2551 1483 2593 mar·

283 2659 357 2714 oas;
383 2635 473 2700 unde
489 2635 648 2698 decimam
664 2653 729 2698 .co.
746 2655 868 2696 marcas
884 2633 1013 2696 solvant
1027 2632 1114 2716 apud
1130 2631 1344 2697 Lincolniam.

328 2740 404 2803 Hoc
415 2759 500 2801 anno
510 2738 606 2802 rediit
621 2736 773 2800 dominus
785 2735 964 2800 Edwardus
980 2733 1020 2798 de
1036 2734 1181 2820 partibus
1196 2736 1293 2800 Terre
1309 2736 1437 2814 Sancte,
1452 2746 1486 2801 et

285 2851 456 2907 coronatus
465 2841 698 2906 fuitdominica
707 2849 782 2924 post
791 2839 1052 2924 assumpcionem
1063 2839 1156 2902 beate
1167 2838 1272 2904 Marie
1282 2840 1481 2925 apudWest-

286 2945 517 3010 monasterium
533 2942 801 3009 convenientibus
823 2942 943 3006 ibidem
968 2941 1119 3006 omnibus
1139 2942 1343 3026 magnatibus
1358 2944 1484 3028 Anglie‚

118 3053 274 3114 Homgium.
287 3059 321 3114 et
335 3048 445 3114 multis
460 3047 540 3111 aliis.
585 3046 748 3110 Dominus
765 3045 927 3109 Robertus
943 3043 983 3108 de
999 3044 1129 3108 Nevilla
1143 3044 1219 3108 fecit
1230 3045 1427 3128 homagium.

144 3167 275 3214 nsoenrv.
332 3153 408 3216 Hoc
437 3171 522 3214 anno
551 3159 628 3232 post
656 3149 776 3212 festum
803 3148 902 3211 Pasce
932 3146 1084 3210 dominus
1115 3167 1170 3209 rex
1200 3146 1417 3230 promulgavit
1450 3145 1485 3210 in

286 3256 497 3344 parliamento
513 3273 572 3316 suo
588 3251 674 3336 apud
698 3249 885 3314 Londonias
909 3248 1063 3332 quasdam
1086 3247 1289 3332 provisiones
1313 3261 1347 3313 et
1366 3251 1487 3314 consti-

286 3360 430 3424 tutiones
444 3356 506 3420 toti
521 3376 620 3439 regno
641 3353 738 3416 utiles
753 3361 786 3416 et
800 3351 1008 3429 necessarias,
1023 3359 1061 3414 ut
1081 3350 1257 3416 dicebatur.
1302 3352 1348 3416 Et
1362 3373 1486 3417 memo-

287 3463 423 3528 randum
450 3459 537 3546 quod
567 3457 608 3521 ad
637 3456 761 3521 dictum
786 3454 1034 3539 parliamentum
1060 3475 1167 3518 coram
1194 3453 1327 3520 domino
1357 3477 1430 3539 rege
1453 3465 1487 3521 et

286 3564 421 3632 consilio
437 3585 496 3627 suo
517 3561 677 3626 declarata
701 3557 764 3622 fuit
789 3557 920 3624 libertas
946 3556 1070 3620 domini
1093 3555 1218 3620 abbatis
1233 3567 1267 3620 et
1281 3557 1431 3623 roborata
1445 3559 1486 3624 de

80 3682 139 3745 (sot.
151 3683 216 3729 trax.
228 3683 274 3744 νο.)
287 3669 418 3754 prisona
426 3664 574 3730 habenda
584 3663 670 3747 apud
683 3662 828 3745 Burgum
840 3659 890 3722 vel
900 3657 976 3722 alibi
987 3658 1069 3722 inira
1078 3657 1271 3738 libertatem,
1286 3666 1362 3746 lque
1378 3662 1485 3726 minus

287 3773 370 3836 bene
394 3771 478 3834 forte
501 3789 559 3853 per
578 3765 735 3830 incuriam
749 3763 802 3828 vel
821 3761 1039 3847 ignoranciam
1061 3761 1252 3826 ballivorum
1278 3786 1297 3827 a
1319 3766 1486 3830 retroactis

288 3873 489 3959 temporibus
511 3892 571 3934 usa
591 3869 654 3933 fuit
682 3876 716 3932 et
741 3875 876 3931 servata.
940 3865 986 3928 Et
1007 3874 1140 3950 propter
1159 3865 1221 3930 hoc
1242 3865 1276 3930 in
1298 3869 1487 3932 memoriam

288 3977 471 4040 futurorum
500 3995 593 4038 casus
622 3971 675 4035 hic
703 3969 865 4033 inseritur.
918 3967 965 4030 Et
989 3966 1052 4030 fuit
1081 3987 1174 4030 casus
1204 3967 1288 4032 talis.
1345 3969 1486 4036 Quidam

289 4078 423 4143 clericus
445 4077 597 4161 magister
621 4073 783 4139 Hernicus
809 4071 970 4156 Sampson
995 4068 1138 4147 nomine,
1164 4068 1286 4134 habens
1312 4080 1429 4134 terram
1454 4082 1488 4135 et

288 4189 511 4247 tenementum
527 4179 559 4242 in
576 4177 650 4242 villa
665 4177 705 4242 de
720 4175 901 4258 Witerings
923 4173 963 4238 de
987 4173 1083 4238 feodo
1099 4172 1249 4258 Hugonis
1266 4173 1370 4252 Ridet,
1384 4173 1488 4236 voluit
