3938 5022
414 588 455 648 88
732 605 946 652 canonicos
965 608 1290 652 ascaoauaonnss.

457 755 710 820 Memorendum
736 758 926 843 quodcum
955 780 1016 822 nos
1041 757 1194 823 Oliverus
1224 759 1288 825 Dei
1317 761 1421 845 gratia
1447 761 1616 829 Lincolnie

412 857 596 944 episcopus,
610 860 726 925 unicus
741 860 891 946 provisor
905 882 963 926 seu
978 871 1133 926 executor
1147 883 1245 948 super
1258 863 1445 948 provisione
1459 865 1616 932 Willelmi

413 961 574 1047 Campiun
590 964 741 1049 pauperis
756 965 861 1030 clerici
876 987 896 1029 a
919 967 996 1031 sede
1016 965 1196 1052 apostolica
1211 967 1398 1052 deputatus,
1424 970 1616 1036 auctoritate

413 1074 525 1128 nostra
549 1063 583 1128 in
606 1067 667 1131 hac
690 1077 781 1152 parte
804 1067 1061 1133 reservaciouem
1091 1090 1150 1153 per
1174 1090 1236 1132 nos
1262 1070 1381 1133 factam
1411 1071 1544 1136 ecclesie
1574 1073 1615 1138 de

414 1167 577 1254 Cloptcna
598 1179 709 1235 nostre
724 1170 862 1236 diocesis
877 1171 1002 1256 dejure
1017 1180 1051 1237 et
1065 1171 1106 1235 de
1121 1172 1207 1236 lactc
1226 1171 1353 1236 notorie
1375 1183 1454 1238 tunc
1470 1175 1615 1239 vacantis

412 1269 499 1336 dicto
510 1271 644 1356 pauperi
658 1271 773 1337 clerico
783 1273 974 1337 auctoritate
986 1272 1163 1357 apostolica
1171 1274 1375 1354 conferenda,
1386 1275 1615 1362 decretumque

411 1382 559 1438 nostrum
571 1375 666 1460 juxta
681 1375 847 1440 decretum
872 1374 908 1439 in
926 1374 1081 1439 mandato
1095 1374 1275 1460 apostolico
1289 1376 1449 1442 insertum
1472 1387 1507 1442 et
1529 1379 1614 1444 inhi-

409 1474 571 1542 bicionem
586 1476 696 1542 abbati
705 1477 746 1542 de
759 1476 868 1563 Burgo
881 1476 985 1541 sancti
995 1477 1082 1542 Petri
1093 1486 1127 1542 et
1138 1479 1313 1543 conventui
1324 1501 1384 1544 suo
1395 1481 1614 1564 pereundam,

410 1577 451 1644 de
475 1601 614 1665 quorum
628 1587 818 1665 patronatus
844 1577 1002 1644 beneficio
1028 1578 1201 1644 mandatur
1225 1579 1399 1664 provideri,
1424 1581 1613 1647 fecissemus

409 1683 567 1768 puplican'
582 1691 616 1748 et
640 1682 797 1747 insinuari
812 1680 874 1746 sub
899 1681 1088 1746 testimonio
1114 1681 1193 1745 satis
1219 1682 1391 1768 solempni,
1415 1705 1452 1747 ac
1477 1684 1613 1752 nichilo·

411 1785 520 1850 minus
546 1785 668 1850 eisdem
685 1783 872 1850 denunciari
896 1805 938 1848 ex
960 1783 1163 1850 habundanti
1187 1785 1277 1870 quod
1300 1786 1340 1850 ad
1365 1785 1499 1851 tertium
1526 1787 1612 1852 diem

192 1882 385 1950 (s⁰l·⁶'3²'2⁸'·'⁰·)
409 1887 584 1974 juridicum
625 1898 702 1973 post
743 1889 864 1952 festum
893 1893 907 1967 l
930 1885 1089 1952 Omnium
1119 1887 1324 1969 Sanctorum,
1351 1910 1437 1953 anno
1477 1889 1612 1954 Domini

189 1975 328 2025 ⁰⁰⁶⁰d⁰¹²
414 1991 642 2056 M⁰.cc⁰.lxxx⁰.
665 1990 782 2076 primo,
803 1989 998 2073 ubicumque
1018 1999 1099 2055 tunc
1122 2011 1269 2056 essemus
1294 1992 1328 2055 in
1355 2001 1469 2056 nostra
1491 1992 1611 2058 diocesi

410 2115 519 2159 coram
533 2091 629 2157 nobis
644 2099 877 2177 comparerent,
892 2090 1046 2174 quicquid
1060 2089 1218 2155 haberent
1244 2092 1437 2158 canonicum
1458 2115 1556 2179 quare
1571 2094 1612 2158 ad

409 2195 629 2283 provisionem
653 2195 731 2259 dicti
756 2192 908 2279 pauperis
931 2192 1039 2258 clerici
1064 2192 1207 2259 dedicta
1230 2195 1420 2261 ecclesiade
1449 2196 1612 2282 cloptona

409 2301 589 2367 secundum
611 2300 750 2366 formam
772 2295 917 2362 mandati
942 2296 1113 2382 apostolici
1129 2298 1266 2382 predicti
1281 2299 1456 2382 procedere
1471 2323 1539 2366 non
1555 2301 1611 2365 de-

407 2405 558 2470 beremus
573 2402 781 2490 proposituri,
801 2413 835 2467 et
848 2400 984 2466 ulterius
998 2401 1115 2467 facturi
1136 2403 1224 2487 quod
1238 2403 1360 2468 racioni
1375 2405 1563 2469 conveniret
1577 2415 1611 2470 et

406 2509 552 2593 equitati,
567 2517 665 2592 prout
680 2528 737 2591 per
751 2504 874 2570 litteras
890 2505 1035 2590 magistri
1050 2505 1202 2570 Nicholai
1224 2505 1330 2571 clerici
1357 2505 1482 2571 domini
1507 2506 1611 2572 archi·

407 2611 533 2676 diaconi
556 2609 792 2674 Ncrhsmtonie
818 2609 1001 2672 executoris
1024 2609 1128 2674 nostri
1150 2607 1389 2673 certificatorias
1412 2609 1508 2672 nobis
1532 2631 1610 2674 con-

407 2711 525 2776 stiterit
538 2710 714 2789 evidenter,
729 2709 844 2774 eodem
858 2708 980 2773 scilicet
995 2710 1047 2775 die
1063 2709 1218 2774 Mercurii
1233 2709 1380 2793 proxima
1393 2718 1470 2792 post
1484 2710 1608 2774 dictum

405 2816 525 2879 festum
554 2813 589 2877 in
615 2811 749 2878 ecclesia
776 2809 952 2896 parochiali
986 2808 1027 2875 de
1053 2810 1259 2896 Edeleburgc
1289 2832 1481 2896 comparens
1510 2813 1609 2877 frater

405 2915 590 2980 Willelmus
614 2915 655 2980 de
677 2911 857 2979 Wodelord
889 2913 1141 2978 commonachus
1176 2921 1210 2978 et
1234 2923 1424 2999 procurator
1447 2913 1608 2980 dictorum

406 3019 640 3106 religiosorum,
651 3017 745 3102 cujus
759 3014 978 3102 procuratorio
993 3015 1087 3102 copia
1096 3014 1221 3081 ncbisa
1233 3017 1320 3082 dicto
1336 3037 1478 3102 paupere
1493 3017 1608 3084 clerico

405 3123 501 3204 sacta,
523 3123 689 3208 petitaque
713 3119 885 3186 abeodem
910 3119 1004 3206 copia
1026 3121 1247 3206 procuratoris
1269 3120 1413 3186 mandati
1439 3121 1609 3207 apostolici

405 3235 440 3291 et
454 3225 539 3292 dicte
553 3226 659 3290 littere
673 3221 907 3303 certificatorie,
930 3244 968 3287 ac
991 3221 1091 3288 etiam
1113 3222 1339 3310 inquisicionis
1363 3245 1461 3310 super
1485 3224 1553 3289 vita
1574 3234 1609 3289 et

404 3329 654 3394 conversacione
668 3327 746 3392 dicti
772 3325 880 3391 clerici
904 3325 938 3389 in
964 3325 1134 3406 decanatu,
1160 3327 1201 3392 de
1223 3350 1288 3413 quo
1315 3327 1415 3392 traxit
1440 3327 1609 3413 originem,

403 3434 487 3496 facte
509 3432 637 3495 decreta
662 3439 697 3494 et
719 3437 865 3514 optenta,
900 3427 1046 3492 libellum
1072 3428 1135 3493 sibi
1158 3429 1227 3494 dari
1252 3451 1311 3494 seu
1336 3429 1506 3494 articulum
1531 3452 1607 3494 cum

403 3533 561 3598 instancia
589 3531 778 3617 postulavit.
823 3531 895 3594 Nos
920 3530 1019 3615 igitur
1044 3531 1085 3595 de
1109 3532 1246 3597 consilio
1271 3529 1366 3595 nobis
1390 3531 1606 3595 assidencium

402 3637 551 3703 nolentes
577 3635 779 3720 aliquatenus
805 3653 864 3718 per
888 3632 949 3698 hec
963 3633 1016 3698 vel
1037 3633 1101 3698 hiis
1125 3633 1243 3699 similia
1265 3634 1300 3698 in
1319 3635 1383 3697 hoc
1396 3633 1482 3697 lacto
1497 3642 1605 3716 partes

403 3759 567 3805 assumere
577 3736 697 3823 judicis
712 3756 770 3800 seu
784 3734 971 3821 cognitoris,
986 3735 1044 3800 sed
1058 3735 1227 3821 negocium
1237 3736 1325 3822 quod
1336 3733 1431 3800 nobis
1442 3735 1606 3801 incumbit

400 3843 496 3928 juxta
509 3849 657 3904 naturam
672 3836 818 3923 ejusdem
833 3837 949 3922 exequi
963 3837 1045 3902 velle
1069 3847 1299 3923 protestantes,
1313 3838 1511 3924 peticionem
1525 3839 1605 3906 dicti

403 3943 510 4009 clerici
532 3943 566 4007 in
590 3941 718 4027 scriptis
744 3939 907 4006 redactam
930 3940 1131 4026 procuratori
1154 3940 1239 4004 tradi
1264 3940 1399 4006 lecimus
1428 3941 1605 4022 antedicto,

403 4049 489 4115 diem
505 4045 567 4111 sibi
581 4067 684 4131 usque
709 4044 744 4110 in
770 4042 948 4110 uestinum
972 4043 1045 4108 loco
1069 4065 1134 4128 quo
1149 4043 1239 4129 prius
1255 4043 1296 4108 ad
1311 4044 1493 4110 laciendum
1516 4047 1604 4131 quod

397 4155 453 4238 jus
469 4148 648 4229 dictaverit,
663 4147 893 4215 eonhrruando.
938 4145 1068 4216 Quibus
1084 4146 1137 4212 die
1151 4156 1186 4214 et
1199 4147 1271 4214 loco
1287 4148 1394 4214 dictus
1414 4159 1604 4235 procurator
