3938 5022
676 558 891 608 caaosrcou
909 561 1238 610 raneonunoansr.
1502 551 1560 610 101

151 702 282 766 (solerii
292 708 343 771 Α)
412 707 533 786 [Anno
547 709 693 776 Domini.
709 714 863 779 M⁰.o⁰c⁰.
879 714 1099 800 Octogesimo.
1115 725 1241 801 quarto.

414 810 484 874 Iter
493 811 747 897 justiciariorum
762 816 849 901 apud
864 816 1097 902 Leycestriam.

414 913 495 978 Post
516 915 638 979 festum
661 917 766 982 saneti
790 918 962 984 Michaelis
997 920 1151 986 sederunt
1176 920 1348 1007 justiciarii
1375 920 1566 986 itinerantes

368 1016 456 1102 apud
470 1017 704 1103 Ieycestriam,
715 1041 824 1085 coram
838 1021 957 1106 quibus
971 1022 1054 1087 lecte
1069 1023 1202 1088 luerunt
1216 1033 1303 1090 carte
1315 1024 1355 1088 de
1370 1023 1566 1089 tenementis

367 1129 401 1184 et
425 1119 639 1200 libertatibus,
661 1133 696 1188 et
724 1124 859 1190 allocate
884 1126 1017 1192 fuerunt
1045 1135 1079 1190 et
1103 1127 1277 1192 inrotulate
1302 1125 1468 1192 libertates
1493 1148 1567 1212 pre-

367 1221 452 1287 dicte
474 1245 582 1287 coram
612 1225 749 1306 eisdem,
779 1235 813 1291 et
840 1226 924 1292 infra
952 1225 1136 1293 libertatem
1170 1228 1296 1294 abbatis
1325 1229 1443 1295 accidit
1471 1251 1566 1295 casus

367 1323 580 1411 subscriptus.

295 1456 302 1470 ·
411 1428 591 1494 Nicholaus
605 1430 861 1496 molendinarius
881 1432 922 1498 de
937 1433 1063 1498 Estona
1084 1433 1204 1499 occidit
1219 1432 1402 1498 Robertum
1425 1435 1466 1499 de
1482 1434 1567 1500 Her-

366 1530 495 1594 lestona
526 1551 601 1595 cum
627 1532 766 1615 quadam
788 1533 904 1598 hechia
928 1534 964 1598 in
991 1534 1068 1599 villa
1097 1535 1138 1600 de
1167 1535 1364 1616 Medburna,
1393 1545 1427 1601 et
1456 1535 1566 1600 statim

367 1641 445 1719 post
458 1633 580 1697 factum
606 1635 718 1719 posuit
745 1657 781 1700 se
806 1635 840 1700 in
864 1635 998 1702 ecclesia
1016 1638 1057 1703 de
1073 1636 1269 1718 Medburna,
1295 1647 1328 1703 et
1353 1639 1507 1725 cognovit
1532 1659 1567 1701 se

367 1757 440 1801 asse
468 1735 639 1816 latronem,
663 1747 697 1802 et
717 1737 880 1824 abjuravit
901 1759 1037 1824 regnum
1063 1761 1172 1805 coram
1198 1749 1397 1805 coronatore.
1443 1739 1568 1804 Catalla

368 1840 438 1923 ejus
456 1840 543 1905 axii.
566 1841 699 1921 denarii,
714 1844 802 1908 unde
825 1842 925 1908 abbas
951 1843 992 1908 de
1016 1844 1127 1929 Burgo
1151 1843 1330 1929 respondit.
1373 1844 1421 1909 Et
1444 1843 1508 1908 luit
1531 1842 1567 1907 in

369 1942 514 2008 decenne
542 1943 674 2009 Ricardi
702 1946 732 2010 le
757 1947 896 2012 Paumer
924 1945 959 2010 in
990 1946 1256 2031 Horningwolde,
1286 1947 1342 2033 qui
1370 1946 1469 2011 modo
1498 1967 1566 2010 non

368 2043 467 2109 habet
488 2044 598 2130 ipsum
621 2047 739 2112 stando
764 2057 864 2128 recto,
883 2045 958 2112 ideo
977 2047 1013 2111 in
1038 2048 1268 2115 misericordia.
1312 2050 1359 2114 Et
1381 2048 1566 2113 Willelmus

369 2147 410 2213 de
436 2147 549 2213 Holte.
578 2149 705 2214 Estona
733 2172 800 2215 non
830 2151 921 2216 venit
955 2151 996 2215 ad
1027 2149 1276 2236 inquisicionem
1300 2172 1409 2216 coram
1432 2172 1567 2216 corona-

368 2258 449 2315 tore.
494 2250 575 2315 ldeo
589 2251 624 2315 in
639 2251 867 2320 misericordia.
912 2253 959 2317 Et
972 2252 1028 2316 xii.
1041 2251 1142 2337 jurati
1161 2253 1409 2316 concelaverunt
1422 2251 1568 2337 predicta

369 2351 483 2415 catalla
497 2373 556 2416 sua
569 2351 604 2415 in
618 2353 782 2418 veredicto
799 2375 869 2418 suo.
910 2354 990 2418 Ideo
1005 2353 1040 2418 in
1055 2352 1274 2417 misericordia
1288 2361 1350 2417 etc.

414 2452 466 2519 De
480 2453 591 2520 villata
606 2455 647 2519 de
662 2455 790 2520 Estona
804 2455 847 2520 xl.
860 2455 965 2522 solidi.

414 2558 513 2622 Anno
535 2557 625 2642 regni
643 2557 741 2644 Regis
756 2557 909 2624 Edwardi
924 2557 983 2622 filii
998 2557 1097 2644 Regis
1113 2557 1249 2624 Henrici
1263 2557 1329 2622 xii⁰.
1353 2557 1393 2621 ln
1403 2555 1567 2642 quindena

372 2657 495 2724 Pascbe
510 2660 593 2723 lacta
608 2669 659 2724 est
672 2660 714 2724 ad
729 2659 930 2726 Scaccarium
947 2659 1071 2725 domini
1086 2660 1185 2746 Regis
1206 2659 1294 2746 apud
1308 2658 1568 2724 westmonaste-

370 2759 455 2824 rium
469 2759 543 2824 talis
558 2759 750 2826 inrotuleoio
764 2781 878 2826 versus
893 2771 1089 2826 mercatores
1104 2762 1325 2826 Lucanenses.

149 2881 302 2929 romulaeis
413 2863 527 2927 Frater
540 2863 726 2928 Willelmus
742 2867 876 2929 sacrista
891 2865 1079 2930 monasterii
1100 2865 1141 2928 de
1173 2865 1278 2949 Burgo
1303 2863 1406 2928 sancti
1431 2861 1520 2926 Petri
1534 2871 1569 2926 et

148 2946 337 3058 mimz*
370 2965 539 3032 Johannes
566 2967 607 3030 de
631 2965 803 3051 Affordby‚
825 2967 979 3031 attornati
1002 2966 1128 3031 obbatis
1158 2976 1192 3031 et
1216 2975 1402 3032 conventus¹
1431 2964 1568 3050 predicti

150 3083 247 3122 ventum
259 3075 336 3138 Burei
371 3068 570 3147 monasterii,
584 3069 758 3133 voluerunt
771 3077 806 3133 et
820 3079 1051 3134 concesserunt
1070 3069 1202 3133 nomine
1217 3069 1379 3133 dictorum
1394 3066 1520 3132 abbatis
1534 3075 1569 3130 et

148 3141 301 3252 {felffin
373 3179 554 3238 conventus
579 3180 613 3234 et
626 3192 686 3256 pro
701 3169 759 3250 eis,
775 3171 864 3257 quod
879 3191 992 3235 omnes
1007 3171 1114 3234 littere
1136 3179 1170 3234 et
1193 3169 1291 3250 tallie,
1306 3191 1369 3254 que
1388 3191 1408 3232 a
1422 3177 1569 3252 tempore

150 3268 343 3316 tumemus
371 3282 533 3340 retroacto
543 3294 647 3358 usque
661 3272 696 3336 iu
707 3272 793 3338 diem
802 3281 987 3358 precntem
995 3269 1080 3337 facte
1091 3280 1202 3336 essent
1209 3271 1294 3336 inter
1305 3270 1409 3335 dictos
1418 3269 1568 3336 abbatem

147 3334 349 3446 qqpppoqqprdqs
372 3387 405 3442 et
420 3384 630 3456 conventum,
644 3375 697 3440 rel
711 3375 851 3462 aliquem
872 3375 971 3440 alium
985 3397 1099 3441 eorum
1122 3375 1265 3454 nomine,
1288 3382 1323 3439 et
1348 3373 1568 3438 Beroneinum

146 899 201 949 Iioo
212 916 285 950 anno.

149 3477 224 3510 '¹²⁸¹‘
233 3463 323 3512 m*
372 3478 514 3545 Walteri
529 3489 563 3546 et
578 3479 683 3544 socios
699 3500 776 3544 suos
792 3487 985 3544 mercatores
1002 3478 1043 3543 de
1060 3479 1159 3558 Luca,
1173 3477 1226 3542 vel
1240 3477 1380 3562 aliquem
1395 3477 1494 3542 alium
1508 3497 1569 3562 pro

371 3583 429 3663 eis,
455 3583 522 3648 sint
536 3605 627 3648 casse
642 3591 676 3646 et
689 3603 783 3661 vene,
798 3590 833 3647 et
853 3581 942 3667 quod
962 3579 1041 3646 dicti
1067 3590 1261 3645 mercatores
1286 3590 1320 3646 et
1343 3579 1423 3646 socii
1437 3579 1488 3644 sui
1503 3579 1570 3644 sint

371 3687 472 3772 quieti
488 3687 528 3752 de
543 3685 696 3752 omnibus
712 3707 774 3771 que
789 3684 830 3750 ab
845 3684 925 3770 ipsis
950 3684 1028 3748 dicti
1043 3682 1144 3749 abbas
1167 3693 1201 3748 et
1225 3693 1407 3750 conventus
1433 3691 1570 3768 possent

371 3797 493 3874 petere.
534 3790 580 3854 Et
603 3789 719 3858 eodem
745 3787 844 3852 modo
860 3786 1013 3852 Heliseus
1029 3785 1070 3852 de
1085 3785 1186 3864 Luca,
1200 3794 1383 3850 attornatus
1409 3783 1569 3848 dictorum

372 3901 597 3972 mercatorum,
605 3892 710 3957 voluit
724 3900 759 3956 et
772 3890 933 3957 concessit
946 3911 1006 3975 pro
1022 3889 1118 3954 dictis
1133 3889 1377 3969 mercatoribus,
1389 3887 1475 3975 quod
1491 3887 1570 3951 dicti

372 3992 472 4058 abbas
492 4003 527 4059 et
551 4005 732 4060 conventus
757 3995 823 4059 sint
847 3993 948 4079 quieti
971 3993 1012 4057 de
1032 3992 1185 4058 omnibus
1211 4014 1274 4078 que
1298 3991 1339 4055 ab
1364 3991 1410 4056 eis
1433 3997 1571 4075 possent

371 4105 492 4184 petere,
507 4105 542 4162 et
555 4097 643 4182 quod
657 4117 770 4162 omnes
792 4096 899 4164 littere
913 4105 948 4161 et
961 4094 1059 4174 tallie‚
1085 4116 1148 4180 qus
1162 4104 1273 4160 essent
1286 4094 1370 4158 fecte
1389 4115 1409 4156 a
1423 4101 1569 4176 tempore
