3812 5030
371 580 411 640 56
688 599 900 645 ennonrcon
919 599 1242 647 rsrnoeunenusu.

370 745 537 828 militibus,
558 751 591 812 e't
611 770 671 834 pro
688 749 834 836 quolibet
856 750 959 815 milite
977 751 1067 816 dedit
1090 753 1223 819 domino
1239 752 1321 838 Regi
1335 752 1567 838 quinquaginta

369 871 493 915 marcas
502 851 653 916 videlicet
661 852 695 915 in
706 861 778 917 toto
790 873 854 918 .cc.
864 863 899 918 et
915 875 959 919 ὡ.
969 875 1104 936 mareas,
1113 866 1147 921 et
1155 878 1270 921 aurum
1282 855 1405 941 Regine
1416 855 1566 920 videlicet

369 972 445 1015 xxv.
460 974 604 1032 marcas;
627 955 720 1039 cujus
744 954 882 1040 pecunie
903 957 1111 1022 medietatem
1131 958 1230 1024 solvit
1254 958 1296 1023 ad
1320 959 1441 1022 festum
1462 955 1565 1020 sancti

372 1051 460 1117 Petri
495 1053 537 1118 ad
572 1054 702 1119 vincula
734 1056 769 1120 in
801 1055 957 1120 nundinis
995 1059 1099 1124 sancti
1135 1059 1294 1146 Botulpbi
1330 1057 1564 1124 mercatoribus

368 1154 627 1234 Lucanensibus,
651 1156 709 1241 qui
738 1156 780 1220 ad
807 1156 897 1222 illam
925 1158 1142 1244 recipiendam
1170 1183 1229 1247 per
1248 1160 1426 1225 'dominum
1454 1180 1563 1243 regem

368 1257 499 1322 fuerunt
522 1259 685 1344 assignati.
739 1259 836 1325 Unde
859 1260 944 1324 facta
968 1269 1019 1326 est
1044 1263 1243 1346 aquietancia
1267 1285 1326 1348 per
1350 1283 1466 1327 manus
1491 1281 1564 1346 pre·

368 1358 528 1424 dictorum
543 1371 758 1426 mercatorum
774 1360 835 1426 sub
849 1361 910 1425 hac
923 1362 1027 1426 forma
1036 1386 1090 1427 :-

411 1462 575 1528 Omnibus
599 1462 722 1528 Christi
746 1463 896 1529 fidelibus
919 1485 1053 1548 presens
1077 1465 1235 1552 scriptum
1257 1463 1375 1532 visuris
1396 1464 1449 1530 vel
1472 1465 1563 1530 audi-

367 1566 450 1629 turis
466 1565 628 1632 Henricus
643 1566 684 1632 de
700 1566 802 1632 Podio
817 1566 904 1632 cives
925 1576 959 1632 et
973 1577 1132 1634 mercator
1150 1567 1351 1634 Lucanensis
1373 1566 1510 1632 salutem
1526 1567 1561 1630 in

366 1669 512 1734 Domino
536 1669 776 1755 sempiternam.
823 1668 962 1734 Noverit
986 1669 1179 1735 universitas
1193 1681 1302 1735 vestra
1326 1691 1379 1734 me
1402 1668 1561 1753 recepisse

367 1773 548 1858 areligioso
562 1773 632 1838 viro
648 1771 763 1837 abbate
778 1771 819 1836 de
839 1771 952 1856 Burgo'
967 1771 1071 1837 sancti
1093 1771 1182 1836 Petri
1202 1771 1237 1835 in
1260 1769 1466 1836 confeccione
1488 1790 1561 1856 pre·

368 1875 512 1939 sencium
529 1893 571 1938 .c.
593 1883 626 1938 et
640 1895 716 1939 xxv.
732 1895 854 1938 marcas
876 1873 1038 1940 bonorum
1060 1883 1095 1938 et
1113 1873 1264 1959 legalium
1279 1873 1505 1959 sterlingorum
1529 1873 1563 1936 in

364 1979 487 2062 partem
504 1975 678 2040 solucionis
693 1975 768 2040 finis
782 1974 858 2039 lacti
880 1997 956 2041 cum
977 1976 1111 2041 domino
1132 1998 1207 2060 rege
1228 1997 1288 2060 pro
1311 1976 1446 2041 servicio
1469 1976 1556 2040 dicto

367 2078 500 2143 domino
515 2077 582 2163 regi
597 2077 707 2142 debito
721 2077 756 2142 in
770 2078 914 2164 presenti
924 2078 1068 2144 exercitu
1082 2100 1142 2142 suo
1151 2077 1279 2142 Wallie.
1325 2077 1415 2144 Quas
1431 2077 1562 2162 quidem

367 2187 498 2244 centum
513 2187 547 2243 et
560 2177 676 2262 viginti
690 2177 832 2264 quinque
847 2199 969 2244 marcas
983 2187 1037 2243 'm'e
1058 2190 1222 2264 protestor
1235 2177 1377 2263 plenarie
1392 2187 1426 2242 et
1439 2178 1562 2262 integre

366 2281 536 2367 recepisse.
582 2281 680 2346 Unde
702 2281 825 2346 dictum
847 2279 998 2346 abbatem
1021 2291 1055 2346 et
1076 2302 1277 2347 successores
1303 2301 1381 2344 suos
1404 2281 1444 2344 de
1467 2279 1561 2344 dictis

366 2389 498 2450 centum
520 2394 553 2450 et
566 2383 681 2470 viginti
696 2383 977 2470 quinque'marcis
999 2405 1073 2469 erga
1095 2383 1264 2448 dominum
1282 2403 1391 2466 regem
1413 2390 1447 2448 et
1466 2403 1563 2467 quos-

368 2508 507 2571 cumque
522 2486 602 2551 alios
617 2485 788 2551 defendam
810 2494 844 2551 et
865 2485 1047 2571 aquietabo.
1092 2485 1133 2549 In
1155 2486 1249 2571 cujus
1270 2485 1317 2552 rei
1339 2484 1563 2550 testimoninm

368 2587 445 2651 huic
460 2586 581 2671 scripto
597 2586 737 2671 sigillum
759 2608 868 2650 meum
890 2586 1038 2672 apposui.
1083 2586 1207 2651 Datum
1229 2587 1263 2651 in
1285 2586 1439 2651 nundinis
1462 2587 1564 2651 sancti

368 2687 537 2773 Botulphi,
547 2687 583 2751 in
597 2689 681 2753 festo
696 2688 799 2753 sancti
810 2687 898 2753 Petri
912 2688 954 2753 ad
964 2687 1103 2769 vincula,
1117 2709 1203 2753 anno
1218 2687 1354 2753 Domini
1368 2687 1426 2751 ΜΟ
1440 2707 1494 2753 cc.
1510 2709 1564 2753 oc-

369 2789 529 2874 togesimo
544 2789 698 2855 secundo.

411 2891 519 2956 Datus
548 2900 600 2956 est
629 2892 699 2958 dies
725 2892 873 2958 solvendi
899 2894 994 2960 aliam
1023 2892 1230 2960 medietatem
1255 2894 1297 2957 ad
1318 2894 1438 2958 festum
1462 2893 1565 2960 sancti

150 3009 349 3078 (fatente.)
370 2993 541 3060 Michaelis
570 2995 719 3081 proximo
749 2997 924 3083 sequentis.
968 2997 1050 3080 [Ad
1075 3019 1171 3083 quern
1198 2997 1374 3064 terminum
1394 2997 1565 3063 solvuntur

369 3098 523 3185 predictis
548 3098 780 3165 mercatoribus
803 3101 890 3186 apud
916 3101 1105 3168 Lcndonias
1121 3123 1226 3168 ‚cxxn
1241 3124 1365 3168 marcas
1384 3123 1443 3187 per
1457 3103 1566 3188 aquie-

370 3200 510 3266 tanciam
536 3201 763 3288 subscriptam.
819 3202 981 3268 Noverint
1005 3203 1149 3270 universi
1172 3203 1261 3289 quod
1284 3225 1344 3289 ego
1370 3203 1564 3269 Bouruncus

371 3303 537 3384 Gwalteri‚
552 3304 632 3370 ciris
657 3313 691 3369 et
720 3315 879 3370 mercator
898 3305 1112 3385 Lucanensis,
1137 3306 1245 3392 recepi
1269 3327 1288 3369 a
1310 3304 1466 3388 religiosis
1488 3306 1565 3369 viris

371 3405 488 3470 abbate
513 3414 547 3468 et
576 3414 740 3470 conventu
765 3407 806 3471 de
836 3404 946 3491 Burgo
975 3407 1078 3471 sancti
1113 3406 1202 3472 Petri
1235 3427 1294 3491 per
1317 3427 1433 3470 manus
1459 3406 1565 3469 fratris

370 3507 532 3572 Johannis
547 3507 588 3570 de
604 3507 763 3572 Gretham
778 3509 1003 3574 commonachi
1021 3509 1077 3573 'sui
1093 3531 1197 3574 cxxv.
1213 3531 1334 3574 marcas
1356 3507 1516 3572 bonorum
1532 3517 1566 3572 et

369 3609 519 3694 legalium
535 3608 762 3692 sterlingorum
776 3608 811 3672 in
825 3617 951 3692 partem
974 3609 1148 3675 solucionis
1165 3629 1218 3676 cc.
1234 3620 1315 3675 etr..
1331 3629 1509 3673 marcarum
1525 3609 1566 3674 de

369 3710 434 3775 fine
448 3710 534 3775 facto
549 3731 625 3774 cum
644 3708 776 3774 domino
798 3731 872 3794 rege
886 3710 1003 3794 Anglie
1018 3732 1077 3796 pro
1096 3711 1232 3777 servicio
1255 3711 1416 3777 dictorum
1438 3710 1564 3776 abbatis

368 3821 403 3876 et
416 3821 596 3876 conventus
610 3811 715 3876 eidem
731 3811 864 3876 domino
889 3812 956 3897 regi
981 3812 1091 3878 debito
1115 3814 1150 3878 in
1165 3813 1294 3894 Wallia,
1309 3835 1395 3878 anno
1418 3814 1565 3900 ejusdem

369 3913 468 3997 Regis
482 3935 515 3978 x.
530 3913 571 3978 de
586 3913 704 3999 quibus
720 3920 851 3980 centum
863 3921 897 3979 et
912 3935 997 3980 xxv·
1012 3915 1140 3996 marcis,
1155 3917 1259 3981 dictos
1274 3913 1424 3982 abbatem
1440 3927 1474 3982 et
1488 3939 1565 3982 con·

368 4023 502 4081 ventum
526 4023 560 4079 et
588 4036 701 4080 eornm
728 4036 929 4081 successores
955 4037 1030 4102 erga
1056 4018 1180 4082 dictum
1204 4017 1373 4082 dominum
1398 4040 1507 4104 regem
1532 4029 1566 4085 et

369 4119 590 4202 quoscumque
619 4117 699 4181 alios
728 4125 796 4181 tarn
826 4138 885 4201 ego
910 4117 1104 4183 Bouruncus
1134 4141 1231 4204 quam
1265 4117 1363 4185 ceteri
1393 4121 1472 4186 socii
1501 4123 1565 4186 mei

369 4219 563 4307 respondere
583 4230 742 4302 tenemur,
757 4220 928 4288 defendere
950 4231 984 4288 et
1005 4222 1177 4309 squietare.
1223 4223 1263 4288 ln
1286 4223 1384 4310 hujus
1405 4223 1452 4289 rei
1473 4223 1564 4288 testi·
