3938 5022
150 3197 332 3278 Norbamtonle·

148 3279 217 3313 ιοιη.

681 639 894 686 canonicos
919 641 1248 686 eeunoaunuansn.
1521 621 1562 698 77

362 791 571 876 indulgendo,
597 799 631 855 et
656 791 808 858 omnibus
842 792 912 856 aliis
938 793 1199 877 excepcionibus,
1222 790 1484 858 cavillationibus
1507 813 1565 857 seu

364 892 588 972 dilationibus,
605 893 681 958 facti
708 903 742 958 et
763 894 858 978 juris,
884 894 946 959 loci
970 903 1004 960 et
1026 895 1194 979 temporis,
1210 915 1273 980 que
1296 903 1410 960 contra
1429 916 1563 979 presens

363 995 615 1060 instrumentum
632 993 716 1059 obici
730 1002 894 1077 poterunt,
919 1003 952 1057 et
968 1015 1028 1078 per
1042 1015 1122 1078 quas
1138 993 1261 1058 solucio
1276 993 1434 1057 adnullari
1449 993 1564 1072 valeat,

366 1118 424 1160 seu
444 1119 574 1182 quoquo
594 1098 693 1162 modo
709 1095 830 1160 differri
844 1083 991 1160 te'rminis
1008 1095 1212 1180 supradictis.
1258 1096 1300 1160 In
1315 1097 1408 1181 cujus
1430 1096 1476 1160 rei
1498 1105 1565 1160 tes·

366 1199 538 1265 timonium
565 1201 705 1286 sigillum
730 1221 851 1278 meum,
865 1221 931 1262 una
956 1221 1030 1262 cum
1058 1199 1169 1283 sigillis
1190 1198 1419 1284 predictorum,
1436 1199 1491 1283 qui
1505 1221 1564 1284 pro

367 1325 420 1368 me
435 1302 596 1368 debitores
612 1302 816 1388 principales,
842 1309 879 1364 ut
893 1300 1073 1385 predictum
1089 1311 1150 1381 est,
1177 1323 1211 1366 se
1226 1302 1474 1381 constituerunt,
1490 1301 1566 1368 huic

366 1403 583 1470 instrumento
606 1414 657 1470 est
682 1424 875 1489 appensum.
929 1404 1052 1467 Datum
1078 1404 1166 1488 apud
1192 1403 1339 1489 Burgum
1363 1404 1396 1468 in
1423 1405 1564 1469 crastino

366 1507 643 1572 Annunciacionis
666 1506 761 1572 beate
784 1505 899 1580 Maris,
926 1528 1012 1570 anno
1043 1506 1178 1571 Domini
1203 1506 1409 1571 M⁰cc⁰lxxx⁰.
1439 1517 1564 1592 quarto.

366 1609 413 1672 Et
427 1631 488 1674 nos
501 1610 687 1674 Willelmus
711 1611 751 1675 de
768 1609 923 1689 Colevile,
946 1609 1131 1674 Willelmus
1153 1608 1194 1673 de
1208 1610 1308 1694 Torp,
1332 1609 1501 1675 Gilbertus
1524 1610 1564 1674 de

367 1709 526 1790 Bemake‚
540 1711 707 1776 Galfridus
723 1712 763 1776 de
779 1712 914 1790 Ettcna,
926 1711 1085 1776 Ricardus
1100 1711 1141 1775 de
1153 1710 1345 1776 Wodecroft
1358 1733 1417 1796 pro
1433 1711 1565 1776 domina

366 1812 511 1896 predicta
533 1813 726 1899 principales
755 1813 929 1892 debitores,
958 1823 997 1877 ut
1024 1814 1222 1899 premissum
1248 1823 1308 1896 est,
1328 1813 1508 1892 constituti,
1530 1813 1564 1879 in

367 1915 465 1999 hujus
493 1914 539 1980 rei
557 1915 657 1980 robur
671 1925 705 1980 et
726 1914 950 1980 testimonium
977 1915 1080 2000 sigilla
1102 1925 1215 1980 nostra
1236 1914 1442 2000 presentibus
1464 1938 1565 2002 appo·

368 2017 502 2082 suimus.
547 2018 670 2082 Datum
686 2039 783 2097 anno,
798 2018 850 2082 die
864 2027 899 2083 et
911 2018 984 2083 loco
1000 2017 1203 2103 supradictis.

413 2119 571 2185 Placitum
588 2121 733 2186 Ecclesia
749 2121 789 2186 de
807 2120 1009 2187 Pokebrcke.

412 2223 486 2289 Hoc
501 2246 587 2289 anno
603 2224 684 2288 obiit
698 2224 852 2309 magister
866 2225 888 2290 J
890 2225 1036 2289 ohannes
1054 2225 1094 2290 de
1112 2225 1298 2292 Weledona
1312 2236 1418 2292 rector
1432 2226 1565 2292 ecclesie

368 2326 408 2390 de
433 2326 611 2406 Pokebroc‚
633 2337 711 2412 post
735 2328 828 2412 cujus
853 2338 992 2392 mortem
1015 2337 1123 2392 ortum
1138 2339 1189 2392 est
1203 2329 1358 2412 placitum
1374 2328 1414 2391 de
1429 2328 1564 2392 advoca·

368 2428 460 2494 cione
485 2430 618 2496 ecclesie
641 2429 785 2514 predicte
807 2429 892 2494 inter
914 2427 1082 2494 dominum
1105 2429 1255 2494 abbatem
1279 2451 1319 2493 ex
1333 2439 1424 2514 parte
1443 2451 1517 2508 una,
1532 2439 1567 2494 et

370 2532 544 2617 Hugonem
560 2532 600 2596 de
617 2531 793 2596 Chameles
809 2542 843 2597 et
857 2530 1027 2596 Mabiliarn
1042 2553 1176 2596 uxorem
1192 2532 1262 2616 ejus
1278 2542 1312 2596 et
1334 2530 1510 2616 Hugonem
1525 2531 1566 2596 de

369 2635 563 2720 Musegrave
579 2644 612 2700 et
627 2633 799 2700 Matildam
814 2655 951 2699 uxorem
965 2633 1036 2720 ejus
1059 2653 1100 2698 ex
1122 2633 1232 2712 altera,
1256 2633 1349 2719 cujus
1366 2631 1474 2718 placiti
1491 2654 1568 2717 pro-

370 2760 481 2804 cessus
496 2737 570 2803 talis
586 2747 637 2802 est
646 2762 699 2802 :—

415 2841 574 2907 Placitum
599 2841 687 2925 apud
704 2838 1035 2905 westmonasterium
1058 2861 1167 2905 coram
1190 2840 1319 2904 Thoma
1342 2839 1382 2905 de
1406 2839 1566 2905 Wclunde

371 2955 405 3010 et
425 2945 521 3009 sociis
543 2943 611 3008 suis
633 2943 821 3028 justiciariis
843 2943 877 3006 in
902 2942 1013 3008 Banco
1036 2943 1070 3006 in
1085 2943 1249 3026 quindena
1264 2951 1375 3006 sancte
1399 2942 1570 3006 Trinitatis

372 3066 458 3110 anno
472 3046 563 3129 regni
579 3047 676 3129 Regis
692 3045 843 3108 Edwardi
857 3043 912 3108 xii.

416 3148 530 3214 Assisa
561 3148 651 3212 venit
686 3156 720 3212 et
753 3146 957 3231 recognoscit
986 3146 1058 3232 quis
1093 3148 1269 3211 advocatus
1303 3157 1450 3231 tempore
1478 3147 1568 3232 pacis

373 3250 573 3338 presentavit
599 3249 748 3314 ultimam
777 3269 961 3334 personam,
991 3269 1054 3332 que
1083 3257 1211 3312 mortua
1239 3256 1301 3326 est,
1330 3246 1372 3309 sd
1401 3247 1569 3314 ecclesiam

373 3357 414 3420 de
431 3353 609 3433 Pokebroc,
624 3373 687 3438 que
701 3359 804 3429 vacat,
819 3359 858 3414 ut
879 3348 1008 3428 dicitur,
1033 3349 1126 3434 cujus
1148 3348 1396 3414 advocacionem
1414 3350 1513 3436 Hugo
1528 3351 1569 3416 de

374 3456 550 3524 Chameles
572 3466 606 3520 et
628 3453 765 3520 Mabilia
779 3473 862 3517 uxor
876 3451 959 3536 ejus,
976 3451 1076 3536 Hugo
1099 3452 1140 3516 de
1154 3452 1351 3537 Musegrare
1374 3462 1408 3517 et
1430 3453 1570 3520 Matilda

371 3585 454 3628 uxor
465 3563 547 3647 ejus,
559 3560 701 3624 clamant
710 3579 824 3623 versus
836 3555 989 3622 abbatem
1000 3557 1041 3621 de
1054 3557 1164 3642 Burgo
1176 3556 1280 3621 sancti
1290 3556 1388 3622 Petri.
1425 3557 1472 3622 Et
1481 3558 1570 3624 unde

373 3665 452 3731 dicit
467 3665 555 3750 quod
570 3663 702 3750 quidam
720 3661 820 3747 Hugo
842 3660 873 3726 le
889 3659 1056 3744 Flameng,
1070 3669 1258 3724 antecessor
1271 3657 1416 3744 ipsarum
1434 3659 1570 3726 Mabilia

372 3778 406 3832 et
418 3766 728 3850 Matildis,tempore
738 3763 992 3848 pacis,tempore
1002 3761 1138 3826 Henrici
1148 3761 1245 3845 Regis
1254 3760 1355 3846 patris
1366 3761 1463 3846 Regis
1472 3785 1571 3842 nunc,

372 3869 571 3956 presentavit
584 3869 626 3934 ad
647 3867 783 3934 eandem
806 3865 973 3932 ecclesiam
996 3865 1158 3950 quendam
1174 3863 1354 3928 Robertum
1370 3865 1401 3929 le
1417 3866 1572 3952 Flameng

373 3971 524 4040 clericum
548 3993 655 4052 suum,
680 3970 735 4057 qui
759 3969 800 4034 ad
825 3967 1102 4054 presentacicnem
1126 3990 1218 4032 suam
1233 3967 1274 4032 ad
1288 3967 1424 4032 eandem
1439 3969 1501 4032 luit
1515 3970 1572 4034 ad·

309 4077 321 4101 ⁰
374 4078 494 4140 missus
509 4084 543 4138 et
560 4073 741 4153 institutus,
756 4083 791 4138 et
812 4073 928 4136 ultimo
954 4070 1036 4136 obiit
1057 4079 1096 4136 ut
1116 4092 1256 4157 persona
1276 4071 1311 4134 in
1333 4071 1446 4136 eadem
1461 4094 1481 4136 a
1494 4091 1573 4136 vero

374 4187 512 4266 patrono
526 4185 745 4262 presentatus.
789 4175 836 4240 Et
850 4175 891 4240 de
913 4175 987 4259 ipso
1014 4175 1156 4260 Hugone
1178 4173 1346 4240 deseendit
1367 4175 1424 4258 jus
1438 4194 1571 4258 presen-
