3938 5022
700 651 914 698 onaourcou
940 652 1265 698 raraoaoaonnss.
1539 638 1581 708 79

383 804 424 869 de
438 801 626 890 Affordeby,
641 813 675 870 et
702 802 787 890 [per]
807 804 906 870 breve
931 803 1151 890 subscriptum
1174 803 1357 870 institutus.
1401 803 1582 870 Edwardus

382 905 447 971 Dei
460 905 637 990 gratiaetc.
660 907 837 972 venerabili
860 908 944 995 patri
967 908 1002 974 in
1027 907 1160 973 Christo
1183 907 1316 974 Oliverc
1342 906 1455 974 eadem
1480 909 1583 993 gratia

382 1009 552 1073 Linoolnie
567 1009 721 1095 episcopo
737 1010 886 1078 salutem.
931 1011 1047 1076 Sciatis
1062 1011 1151 1096 quod
1165 1009 1266 1076 abbas
1288 1011 1329 1078 de
1357 1011 1463 1097 Burgo
1479 1011 1583 1078 sancti

383 1113 470 1178 Petri
484 1113 519 1178 in
534 1113 621 1178 ouria
635 1123 748 1178 nostra
771 1137 880 1180 coram
902 1115 1091 1201 justiciariis
1116 1115 1238 1180 nostris
1253 1115 1341 1200 apud
1355 1115 1582 1180 Westmonas-

381 1215 500 1282 terium
535 1237 595 1300 per
623 1216 919 1283 consideracionem
945 1219 1092 1303 ejusdem
1122 1218 1209 1283 curie
1232 1228 1344 1284 nostre
1380 1218 1583 1303 recuperarit

380 1319 659 1404 presentacionem
684 1342 777 1384 suam
800 1322 840 1386 ad
856 1321 1023 1388 ecclesiam
1046 1321 1087 1385 de
1113 1319 1305 1386 Pokebroke
1328 1342 1442 1386 versus
1467 1321 1583 1404 Hugo-

381 1441 455 1486 nem
468 1422 509 1486 de
525 1421 702 1488 Charneles
717 1432 752 1487 et
767 1422 936 1487 Malriliam
946 1444 1081 1487 uxorem
1097 1423 1178 1506 ejus,
1194 1431 1228 1486 et
1244 1421 1420 1506 Hugonem
1431 1422 1472 1487 de
1488 1424 1581 1488 Mus·

380 1546 477 1608 grave
492 1533 526 1588 et
540 1524 713 1589 Matildem
727 1547 866 1590 uxorem
881 1527 964 1610 ejus.
1008 1525 1055 1589 Et
1072 1524 1145 1588 ideo
1168 1522 1262 1588 vobis
1277 1523 1470 1588 mandamus
1494 1527 1582 1610 quod

380 1648 448 1691 non
457 1626 608 1691 obstante
619 1627 850 1693 reclamacione
861 1629 1081 1713 predictorum
1091 1625 1407 1710 Hugonis,Mabilie,
1418 1627 1582 1711 Hugonis,

381 1738 415 1793 et
424 1728 632 1802 Matildis,ad
648 1731 928 1815 presentacionam
938 1731 1016 1796 dicti
1027 1729 1153 1795 abbatis
1168 1729 1210 1793 sd
1223 1729 1400 1815 predictam
1412 1730 1581 1794 ecclesiam

380 1829 530 1896 idoneam
546 1853 721 1916 personam
744 1833 935 1900 admittatis.
978 1835 1076 1900 Teste
1100 1833 1228 1898 'l'homa
1253 1833 1293 1898 de
1308 1833 1468 1899 Welande
1492 1833 1581 1919 apud

384 1931 728 2016 westmonasterium,
741 1937 808 2002 xix.
824 1937 876 2002 die
890 1938 914 2004 J
916 1937 994 2017 unii,
1009 1958 1095 2002 anno
1110 1936 1202 2022 regni
1220 1935 1317 2022 Regis
1332 1935 1399 2002 xiie

236 2067 260 2114 „-
307 2101 314 2115 ,
425 2036 737 2118 ΙΡΙιοίωωοοηῑη
748 2040 950 2106 Willelmum
962 2039 1579 2125 Campiun,deEccleaiadeCloptona.

426 2139 547 2224 Incipit
555 2162 727 2225 processus
737 2143 848 2228 placiti
862 2153 976 2209 contra
986 2143 1189 2208 Willelmum
1201 2140 1364 2226 Campiun
1380 2143 1420 2209 de
1432 2143 1581 2208 Ecclesia

380 2241 421 2306 de
438 2241 613 2327 cloptona.
659 2243 785 2310 Littera
799 2245 978 2331 prorisoria
992 2245 1066 2310 tulis
1081 2256 1133 2310 est
1147 2269 1201 2309 2-

424 2345 589 2410 Martinus
604 2347 776 2433 episcopus
792 2370 905 2414 servus
929 2369 1096 2414 serrorum
1111 2347 1186 2427 Dei,
1201 2345 1376 2412 venerabili
1390 2347 1480 2412 fratri
1494 2348 1581 2433 epis·

379 2467 463 2530 copo
478 2446 648 2512 Linoolnie
663 2448 813 2528 salutem,
828 2449 875 2514 Et
895 2449 1108 2534 apostolicam
1132 2447 1404 2514 benedictionem.
1448 2447 1581 2515 Consti·

379 2559 472 2614 tutus
486 2549 521 2614 in
531 2551 699 2635 presencia
712 2561 825 2618 nostra
839 2552 977 2617 dilectus
988 2551 1074 2616 filius
1085 2550 1270 2616 Willelmus
1285 2550 1393 2615 dictus
1409 2550 1580 2637 Campyun

379 2653 421 2718 de
437 2653 655 2741 lrtlingburgo
670 2677 794 2742 pauper
808 2655 944 2722 clericus
958 2665 1015 2721 tue
1038 2654 1176 2721 diocesis
1200 2652 1296 2720 nobis
1322 2653 1488 2720 humiliter
1502 2678 1581 2742 sup-

378 2757 520 2843 plicarit,
535 2767 658 2824 etcum
682 2760 764 2846 ipse,
791 2761 876 2826 sicut
900 2759 1027 2838 asserit,
1050 2759 1177 2824 nullum
1203 2757 1456 2825 ecclesiasticum
1481 2759 1581 2825 bene-

378 2861 489 2928 ficium
504 2863 548 2927 sit
561 2863 711 2948 adeptus,
725 2863 888 2950 provideri
904 2863 966 2928 sibi
986 2864 1027 2928 de
1042 2861 1241 2949 benignitate
1256 2863 1434 2948 apostolica
1448 2865 1581 2928 manda·

379 2983 499 3028 remus.
533 2962 620 3030 Quia
633 2964 732 3048 igitur
745 2965 792 3030 illi
807 2965 941 3030 suntad
956 2965 1172 3030 ecclesiastica
1185 2963 1341 3029 beneficia
1355 2965 1580 3048 promovendi,

380 3063 499 3150 quibus
514 3087 620 3130 mores
635 3077 668 3132 et
692 3067 825 3132 scientia
849 3067 1084 3151 suffragantum
1109 3088 1183 3130 cum
1209 3066 1296 3130 idem
1322 3065 1468 3143 clericus,
1483 3087 1580 3149 quem

380 3188 439 3251 per
453 3166 588 3232 dilectos
607 3167 703 3247 filios,
720 3167 922 3233 Willelmum
946 3167 987 3232 de
1001 3166 1143 3232 Villeriis
1170 3165 1312 3250 priorem
1336 3164 1377 3230 de
1401 3165 1579 3250 Bragmaco

379 3269 544 3336 Eduensis
570 3270 720 3350 diocesis,
735 3270 926 3356 magistrum
949 3268 1163 3348 Bernardum,
1185 3268 1372 3334 Johannem
1387 3268 1579 3336 canonicum

379 3373 611 3460 Agathensem,
626 3397 663 3440 ac
678 3375 810 3439 fratrem
824 3373 986 3438 Thomam
1012 3373 1052 3438 de
1076 3372 1230 3438 Fresneio
1254 3371 1377 3437 ordinis
1398 3372 1579 3453 Minorum,

378 3477 615 3544 examinatores
631 3478 800 3563 superhoc
811 3476 986 3563 deputatos
1001 3474 1138 3556 anobis,
1154 3475 1194 3544 de
1208 3475 1389 3542 litteratura
1404 3475 1580 3542 examinari

378 3581 514 3646 fecimus
525 3581 705 3666 diligenter,
713 3580 866 3647 inventus
878 3579 922 3645 sit
931 3579 966 3646 in
976 3580 1031 3646 illa
1042 3579 1272 3646 convenienter
1280 3579 1417 3645 idoneus
1429 3580 1469 3644 ad
1479 3580 1580 3646 eccle·

379 3683 545 3750 siasticum
566 3682 761 3750 beneficium
786 3685 1022 3771 optinendum:
1043 3705 1104 3749 nos
1130 3683 1171 3748 de
1185 3683 1253 3749 rita
1271 3693 1306 3750 et
1330 3683 1579 3749 conversacione

377 3787 480 3872 ipsius
489 3787 597 3854 clerici
606 3789 761 3854 noticiam
775 3811 843 3854 non
857 3787 1037 3866 habentes3
1052 3785 1246 3852 fraternitati
1259 3797 1316 3852 tue
1331 3807 1389 3872 per
1400 3786 1579 3871 apostolica

378 3891 498 3974 scripta
514 3892 716 3973 mandamus,
731 3891 884 3978 quatinus
899 3891 940 3956 de
949 3889 1014 3956 hiis
1030 3890 1176 3956 ollerter
1183 3889 1362 3976 inquirens,
1378 3889 1406 3954 si
1421 3911 1495 3954 eum
1510 3889 1578 3956 vite

377 3989 547 4057 laudabilis
570 4004 604 4060 et
625 3996 764 4062 honeste
778 3993 1037 4061 conversacionis
1052 4015 1124 4059 esse
1138 3993 1296 4079 repereris
1318 4002 1353 4058 et
1373 3992 1461 4057 aliud
1476 3992 1578 4058 eccle-

379 4092 544 4160 siasticum
558 4095 752 4163 beneficium
766 4119 831 4164 non
848 4097 1005 4183 optineat,
1019 4119 1080 4164 nec
1091 4097 1169 4162 alias
1180 4095 1368 4183 scripsimus
1378 4117 1439 4182 pro
1450 4095 1576 4174 eodem,

378 4197 529 4284 aliudque
543 4199 735 4266 canonicum
749 4223 817 4266 non
832 4199 981 4280 obsistat,
995 4199 1102 4268 eidem
1116 4200 1232 4268 clerico
1244 4199 1423 4266 secuudum
1433 4218 1491 4264 sue
1501 4217 1578 4283 pro,-
