3812 5030
595 641 805 686 onaosrcos
826 642 1149 688 carnosusoarrsa.
1437 632 1474 704 17

277 789 388 855 abbas.
444 790 508 856 Cui
534 793 691 858 successit
715 794 866 858 dominus
890 794 1052 860 Robertus
1074 797 1113 862 de
1137 797 1275 862 Sottone
1296 801 1475 865 monachus

277 891 372 956 istius
386 893 458 958 loci.

120 987 267 1037 Memmios
324 996 398 1060 Hoc
412 1017 498 1059 anno
512 995 544 1059 ii.
560 995 633 1058 idus
650 993 742 1074 Maii,
769 994 874 1058 dirum
897 995 1014 1060 initum
1036 1007 1088 1061 est
1106 989 1227 1064 bellum
1251 1001 1339 1086 apud
1361 1002 1474 1067 Lewcs

277 1099 401 1162 ratione
416 1097 631 1183 predictarum
647 1097 870 1182 provisionum
885 1098 969 1164 inter
980 1099 1149 1166 dominum
1158 1124 1265 1188 regem
1278 1114 1312 1168 et
1325 1104 1475 1184 barones,

277 1224 413 1287 quorum
443 1201 635 1286 principales
665 1210 744 1266 tunc
769 1202 900 1266 fuerunt
924 1201 1128 1268 Gislebertus
1158 1205 1198 1270 de
1231 1204 1324 1271 Clare
1355 1206 1475 1273 Comes

277 1304 464 1383 Glorernie,
480 1304 594 1368 Simon
614 1304 655 1368 de
677 1303 882 1369 Monteforti'
895 1304 1014 1369 Comes
1030 1306 1214 1389 Leieestrie,
1230 1310 1285 1394 qui
1307 1309 1475 1376 victoriam

275 1418 354 1473 tunc
369 1407 590 1492 optinuerunt,
607 1408 690 1490 regis
709 1406 855 1470 exercitu
876 1408 1012 1471 confuso
1028 1420 1061 1472 et
1076 1408 1233 1495 disperso,
1250 1412 1360 1476 multis
1376 1413 1474 1478 etiam

276 1533 316 1576 ex
331 1521 421 1595 parte
436 1511 520 1595 regis
536 1509 740 1594 magnatibus
752 1509 855 1594 captis
871 1517 904 1572 et
918 1509 1135 1588 incarceratis,
1146 1522 1179 1576 et
1190 1514 1301 1577 multis
1317 1515 1348 1578 in
1365 1517 1474 1601 sugam

210 1635 214 1642 ·
277 1614 391 1676 versis.
435 1614 481 1677 Et
494 1613 591 1698 paulo
607 1621 694 1690 ante,
705 1611 827 1676 scilicet
841 1611 874 1674 in
891 1611 1025 1676 sabbato
1045 1613 1206 1696 passionis
1230 1616 1374 1696 Domini,
1389 1620 1476 1704 cepit

279 1716 431 1780 dominus
467 1737 524 1780 rex
553 1713 824 1779 Norhamtorrism
855 1723 889 1778 et
918 1714 1038 1778 multos
1071 1715 1190 1779 milites
1220 1726 1254 1780 et
1282 1717 1361 1782 alios
1391 1722 1475 1806 parti

278 1819 437 1884 baronum
462 1819 618 1896 faventes,
633 1828 667 1882 et
692 1838 802 1881 secum
831 1816 924 1880 duxit
956 1818 1101 1902 captivos
1128 1819 1203 1902 quia
1232 1818 1278 1883 ibi
1304 1843 1346 1886 ex
1369 1823 1474 1888 edicto

280 1921 422 1985 Simonis
443 1920 569 1985 comitis
592 1917 775 2004 congregati
790 1930 882 1982 erant
903 1927 937 1982 et
956 1919 1075 1983 dictam
1090 1919 1199 1984 villam
1222 1933 1335 1986 contra
1360 1924 1475 1988 volun·

280 2033 380 2088 tatem
396 2023 518 2088 domini
533 2022 616 2107 regis
632 2033 740 2086 tenere
756 2019 954 2086 nitebantur.

120 2121 268 2170 ¹¹⁰⁰⁹⁰⁰¹¹'⁰·
325 2126 400 2190 Hoc
415 2147 500 2188 enno
514 2124 558 2188 iii.
573 2123 646 2187 idus
660 2122 812 2207 Augusti,
827 2122 959 2187 domino
975 2122 1154 2188 Eadwardo
1166 2127 1249 2210 regis
1261 2128 1475 2214 primogenito

280 2229 320 2293 de
335 2227 482 2293 custodia
497 2226 635 2291 Comitis
652 2225 795 2290 Simonis
811 2225 929 2305 soluto,
941 2248 1120 2312 magnoque
1137 2229 1351 2294 marchiorum
1367 2253 1476 2298 excer-

279 2334 357 2411 citu,
372 2343 406 2397 et
430 2332 559 2397 Comite
576 2329 752 2395 Glovernie
777 2351 887 2394 secum
911 2330 1056 2408 collecto,
1082 2352 1155 2415 rege
1179 2331 1284 2397 adhuc
1310 2335 1476 2399 tamenin

279 2434 426 2498 custodia
456 2432 594 2498 Comitis
625 2431 769 2497 Simonis
797 2453 920 2496 moram
953 2431 1102 2496 trahente
1126 2431 1203 2496 licet
1225 2433 1339 2513 invito,
1369 2436 1475 2500 dirum

279 2537 396 2600 initum
412 2546 462 2600 est
475 2535 597 2600 bellum
614 2535 700 2599 inter
719 2533 843 2598 dictum
866 2533 1034 2597 dominum
1058 2534 1253 2600 Edwardum
1278 2546 1311 2601 et
1337 2560 1413 2602 suos
1436 2561 1477 2603 ex

278 2649 370 2724 parte
385 2661 459 2717 una,
480 2647 514 2702 et
537 2637 659 2702 dictum
682 2636 851 2700 dominum
875 2634 1040 2700 Simonem
1066 2635 1218 2701 comitem
1242 2648 1276 2701 et
1301 2641 1475 2726 complices

279 2764 356 2808 suos
371 2743 535 2820 exaltem,
550 2741 637 2827 apud
651 2739 826 2818 Evesham,
838 2739 894 2824 qui
908 2738 1029 2803 ibidem
1045 2741 1169 2804 occisus
1184 2750 1235 2806 est
1243 2766 1253 2822 ;
1276 2752 1309 2806 et
1324 2743 1476 2810 dominus

281 2847 455 2925 Henricus,
479 2845 564 2909 filius
587 2845 677 2929 ejus;
707 2841 819 2906 etalii
845 2840 970 2906 nobiles
996 2841 1109 2906 multi:
1148 2851 1181 2908 et
1207 2844 1301 2908 multi
1327 2848 1413 2932 capti
1442 2861 1476 2913 et

280 2949 399 3035 captivi
424 2947 523 3012 ducti.
567 2947 613 3010 Et
639 2966 751 3010 omnes
776 2944 831 3028 qui
856 2944 886 3007 ei
901 2943 1053 3008 favebant
1077 2953 1154 3008 sunt
1180 2945 1375 3012 exheredati.
1430 2951 1477 3014 Et

279 3051 397 3115 mirum
413 3049 502 3112 dictu
516 3069 555 3111 ea
568 3049 648 3111 hora
670 3069 733 3131 qua
752 3045 872 3110 bellum
891 3046 953 3109 fuit
967 3067 1025 3129 per
1039 3055 1143 3108 totam
1165 3055 1282 3110 terram
1297 3048 1332 3111 in
1347 3059 1475 3113 tantum

280 3151 470 3216 obscuratus
489 3159 540 3213 est
559 3170 613 3212 aer
634 3159 668 3212 et
692 3147 909 3212 condensatus
935 3156 973 3209 ut
998 3147 1095 3210 etiam
1122 3167 1188 3209 nox
1211 3157 1388 3231 putaretur.
1434 3151 1475 3214 In

279 3255 406 3340 signum
422 3261 460 3314 ut
475 3248 650 3329 dicebatur,
665 3249 751 3334 quod
764 3248 845 3332 justi
860 3269 920 3332 pro
931 3246 1062 3333 justicia
1071 3247 1304 3314 occubuerunt.
1348 3251 1475 3317 Deinde

279 3380 347 3422 non
360 3354 525 3420 modicum
539 3361 625 3436 post,
637 3352 758 3417 scilicet
773 3372 884 3415 mense
900 3349 1107 3430 Novembris,
1119 3351 1274 3436 applicuit
1285 3353 1474 3420 Ottobonus

278 3461 402 3545 legatus
424 3457 456 3520 in
481 3456 631 3541 Angliam
657 3453 698 3518 ad
716 3453 907 3518 instanciam
930 3452 1054 3518 domini
1077 3454 1161 3540 regis
1185 3477 1204 3518 a
1233 3455 1365 3522 domino
1390 3479 1475 3543 papa

278 3565 408 3627 missus.
452 3561 498 3624 Et
511 3559 546 3623 in
561 3558 701 3624 crastino
717 3556 820 3622 sancti
831 3557 960 3622 Andree
971 3557 1110 3643 apostoli
1120 3556 1293 3623 celebravit
1303 3560 1475 3624 concilium

280 3664 477 3742 Londoniis3
504 3661 620 3727 deinde
645 3661 778 3726 infesto
794 3661 920 3724 Natalis
943 3683 1008 3725 una
1032 3682 1106 3725 cum
1121 3681 1195 3745 rege
1209 3670 1243 3724 et
1257 3662 1365 3746 regina
1388 3665 1475 3749 apud

278 3767 549 3832 Norhamtoniam
575 3787 699 3830 morsm
714 3764 845 3828 trahens
859 3764 1055 3849 legacionem
1078 3785 1170 3827 suam
1195 3763 1323 3847 publice
1338 3786 1476 3851 exeque-

277 3869 383 3947 batur,
413 3866 611 3932 sentenciam
641 3889 660 3930 a
689 3866 822 3930 domino
859 3888 943 3952 papa
972 3876 1010 3930 ut
1048 3865 1212 3932 asserebat
1239 3865 1337 3930 latam
1379 3889 1476 3952 super

280 3972 441 4036 Comitem
457 3970 643 4050 Leicestrie,
654 3979 688 4034 et
697 3991 793 4055 super
802 3992 915 4034 omnes
930 3969 1014 4054 parti
1028 3970 1098 4054 ejus
1113 3971 1258 4034 faventes
1269 3969 1476 4054 publicando,

278 4073 430 4139 fratribus
445 4060 624 4138 minoribus
640 4083 675 4138 et
693 4072 949 4158 predicatoribus
969 4072 1003 4136 in
1018 4073 1138 4136 virtute
1160 4071 1343 4136 obedientie
1368 4072 1476 4155 injun-

277 4200 357 4264 gens
383 4187 421 4241 ut
446 4177 582 4242 eandem
607 4176 800 4243 sententiam
824 4176 858 4240 in
883 4176 950 4242 suis
977 4174 1250 4261 predicationibus
1286 4175 1478 4259 generaliter

322 4302 435 4346 cauo.
453 4301 526 4346 soc.
1282 4298 1304 4340 o
