3938 5022
409 614 454 673 94
732 625 944 672 cnaonrcou
962 623 1287 672 raraoauacuvsr.

409 780 509 844 ficum
533 777 573 840 de
593 774 758 841 beneficiis
783 776 1008 842 ecclesiasticis
1030 777 1072 842 ad
1096 777 1243 862 ipsorum
1265 774 1488 861 religiosorum
1513 773 1611 840 colla·

410 881 537 946 cionem
566 901 625 944 seu
653 879 930 964 presentacionem
960 878 1182 964 spectantibus
1211 888 1352 966 quatuor
1386 877 1440 943 vel
1468 878 1611 963 quinque

409 983 533 1048 clericis
559 982 602 1046 sit
626 983 803 1067 provisum,
821 982 877 1068 qui
903 1004 943 1047 ex
957 983 1143 1068 provisione
1166 981 1356 1068 hujusmodi
1378 981 1491 1046 eadem
1512 980 1611 1045 bene-

409 1085 483 1150 ficia
504 1085 610 1150 adhuc
625 1085 785 1170 optinent,
809 1107 937 1152 necnon
960 1095 1028 1151 tres
1050 1086 1103 1151 vel
1128 1094 1268 1172 quatuor
1293 1083 1410 1162 clerici,
1425 1081 1543 1168 quibus
1569 1082 1610 1147 de

409 1187 575 1252 beneficiis
589 1188 814 1254 ecclesiasticis
829 1188 1068 1274 pertinentibus
1095 1189 1135 1252 ad
1161 1187 1439 1276 presentacionem
1465 1208 1523 1252 seu
1546 1186 1612 1250 col-

408 1290 567 1356 lacioncm
591 1290 816 1377 religiosorum
840 1291 987 1376 ipsorum
1011 1301 1087 1356 ante
1110 1290 1376 1377 impetracionem
1398 1287 1514 1374 prefati
1527 1287 1610 1354 Wil-

407 1393 497 1458 lelmi
525 1393 740 1458 mandabatur
763 1416 783 1458 a
805 1395 883 1460 sede
906 1394 1083 1479 apostolica
1106 1393 1279 1480 provideri,
1304 1391 1461 1458 beneficia
1486 1391 1611 1456 ratione

407 1494 631 1580 provisionum
661 1495 853 1581 hujusmodi
881 1495 987 1560 adhuc
1028 1503 1202 1581 expectent
1241 1493 1327 1558 sicut
1355 1501 1448 1559 erant
1474 1493 1610 1578 probare

407 1599 521 1684 parati,
557 1599 766 1684 prefatusque
794 1599 980 1664 Willelmus
1010 1598 1174 1683 Campiun
1202 1607 1336 1683 propter
1365 1596 1526 1661 desectum
1556 1617 1608 1661 or-

407 1699 492 1764 dinis
507 1709 541 1765 et
563 1700 632 1764 aliis
656 1700 697 1765 de
722 1699 827 1764 causis
853 1721 921 1764 non
948 1709 1035 1764 esset
1060 1698 1197 1764 idoneus
1223 1697 1265 1762 ad
1290 1696 1484 1762 beneficium
1506 1697 1608 1763 eccle·
1708 1741 1712 1748 -

406 1803 572 1868 siasticum
595 1803 820 1888 optinendum,
848 1824 910 1868 nec
939 1801 980 1867 de
1007 1802 1075 1867 vita
1107 1811 1142 1866 et
1178 1801 1427 1866 conversacione
1459 1801 1606 1886 ejusdem

407 1904 565 1970 Willelmi
591 1907 770 1970 secundum
792 1906 930 1970 formam
953 1905 1097 1970 mandati
1121 1904 1292 1990 apostolici
1317 1904 1433 1968 fuisset
1454 1904 1610 1990 legittime

406 2007 610 2092 inquisitum,
638 2029 697 2072 vos
723 2007 913 2072 auctoritate
939 2008 1096 2073 dictarum
1122 2008 1301 2072 litterarum
1324 2007 1446 2071 nullam
1469 2007 1611 2072 mencio-

407 2131 484 2173 nem
508 2109 701 2174 faciencium
730 2110 771 2175 de
799 2110 978 2195 premissis,
1008 2133 1071 2196 que
1095 2110 1123 2174 si
1147 2111 1287 2176 luissent
1312 2131 1473 2196 expressa,
1497 2111 1609 2176 eedem

406 2213 514 2278 littere
538 2234 603 2277 non
631 2211 770 2278 fuissent
795 2222 949 2298 optentc3
978 2213 1085 2278 eidem
1104 2212 1271 2280 Willelmo
1295 2212 1336 2278 de
1365 2215 1489 2298 prefata
1511 2215 1611 2280 eccle-

407 2316 456 2380 sia
484 2315 654 2401 providere
673 2316 807 2382 minime
838 2316 1005 2402 potuistis.
1049 2316 1096 2380 Et
1123 2315 1199 2403 quia
1220 2338 1280 2381 vos
1311 2315 1416 2382 dictos
1443 2317 1610 2402 religiosos

408 2440 507 2505 super
531 2418 595 2483 hiis
618 2420 729 2484 audire
752 2428 786 2484 et
809 2419 932 2485 eisdem
958 2420 1000 2484 ad
1026 2418 1242 2485 exhibendam
1267 2442 1359 2485 suam
1373 2419 1611 2505 indulgenciam

408 2521 599 2608 prelibatum
614 2532 855 2608 competentem
871 2523 1064 2589 dilacionem
1080 2523 1267 2602 concedere,
1281 2523 1358 2587 licet
1372 2523 1435 2587 boc
1448 2523 1483 2587 in
1508 2525 1613 2589 forma

404 2623 488 2707 juris
513 2623 678 2688 humiliter
702 2625 906 2708 petivissent,
932 2636 1045 2690 contra
1066 2625 1232 2708 justiciam
1259 2624 1453 2708 denegastis,
1469 2625 1547 2690 dicti
1561 2648 1612 2690 re-

407 2723 513 2809 ligiosi
526 2724 707 2790 sencientes
722 2747 757 2790 se
769 2747 809 2790 ex
818 2726 881 2789 hiis
897 2735 931 2790 et
945 2747 1057 2790 eorum
1072 2725 1219 2809 quolibet
1233 2747 1291 2810 per
1305 2748 1365 2791 vos
1380 2725 1524 2790 indebite
1538 2747 1611 2812 pre-

191 2856 254 2920 (χοι,
265 2855 308 2905 ,g
321 2859 372 2921 Α)
406 2827 531 2914 gravari
539 2853 549 2909 ;
576 2827 687 2892 sedem
701 2829 915 2913 apostolicam
930 2838 964 2893 et
978 2849 1038 2913 pro
1053 2827 1196 2893 tuicione
1211 2829 1323 2894 sedem
1338 2828 1523 2909 Cantuarie,
1537 2832 1551 2908 l
1572 2839 1611 2894 ut

188 2949 226 2996 De
237 2949 329 2996 eodem
407 2930 532 3011 asserit,
547 2929 704 3016 legittime
719 2931 932 3016 appellarunt.
969 2931 1035 2996 Sed
1050 2952 1110 2995 vos
1132 2929 1298 3017 premissis
1313 2953 1379 2996 non
1395 2931 1611 3012 obstantibus,

407 3036 533 3122 prefato
545 3032 714 3100 Willelmo
728 3033 891 3120 Campiun
903 3035 943 3100 de
955 3034 1041 3099 dicta
1052 3033 1186 3100 ecclesia
1197 3035 1238 3100 da
1250 3034 1413 3121 Cloptona
1423 3035 1611 3121 providistis

407 3137 540 3224 injuste,
569 3139 707 3203 formam
730 3137 809 3202 dicti
830 3137 976 3202 mandati
998 3137 1169 3223 apostolici
1191 3160 1258 3203 non
1281 3147 1458 3218 servantes,
1479 3148 1611 3225 propter

408 3242 497 3326 quod
512 3241 590 3307 dicti
604 3241 745 3326 religiosi
760 3241 942 3307 sencientes
959 3241 1023 3326 [se]
1040 3263 1172 3327 perros
1186 3241 1304 3307 iterato
1319 3241 1501 3328 pregravari
1517 3241 1610 3306 sedes

410 3345 571 3429 predictas
587 3354 625 3408 ut
644 3344 734 3429 prius
749 3345 964 3430 appellarunt.
1009 3344 1118 3410 Quare
1129 3344 1223 3409 vobis
1235 3345 1420 3410 inhibemus
1434 3354 1469 3409 et
1483 3365 1542 3428 per
1551 3366 1611 3409 vos

409 3444 666 3528 quibuscumque
677 3445 733 3528 jus
745 3444 892 3510 inhibere
903 3444 1106 3531 requirit,ne,
1118 3445 1281 3529 pendente
1291 3445 1325 3508 in
1337 3445 1425 3510 curia
1436 3444 1612 3510 cantuarie

408 3545 598 3630 hujusmodi
618 3546 846 3630 appellacionis
872 3546 1006 3612 tuitorio
1021 3547 1167 3631 negocio,
1183 3547 1355 3631 quicquam
1369 3547 1429 3610 bac
1445 3545 1612 3612 occasione

408 3647 444 3712 in
458 3647 671 3733 prejudicium
692 3647 852 3712 dictorum
867 3648 1090 3732 religiosorum
1112 3649 1312 3733 attemptatis
1327 3648 1380 3713 vel
1405 3656 1612 3732 attemptent,

408 3749 533 3816 faciatis
564 3748 617 3815 vel
641 3749 761 3814 faciant
790 3749 992 3834 aliquatenus
1021 3759 1214 3834 attemptare
1240 3771 1304 3835 quo
1341 3749 1448 3814 minus
1476 3749 1611 3818 liberam

408 3851 669 3939 prosecutionem
693 3873 751 3916 sue
777 3852 1018 3937 appellaoionis,
1046 3859 1145 3938 prout
1173 3853 1301 3936 justum
1332 3852 1440 3934 suerit,
1470 3853 1613 3922 habeant

409 3955 589 4040 utriusque.
635 3955 800 4020 (litantem
822 3955 919 4020 etiam
942 3955 1065 4020 dictum
1081 3955 1281 4020 Willelmum
1300 3955 1463 4041 Campiun
1486 3969 1611 4044 partem

409 4058 604 4145 appellatam
630 4056 717 4141 quod
738 4065 923 4142 compareat
944 4077 1053 4122 coram
1078 4055 1174 4121 nobis
1188 4059 1241 4123 vel
1260 4059 1482 4126 commissario
1498 4071 1610 4126 nostro

409 4161 550 4247 generali
563 4161 598 4228 in
612 4160 747 4228 ecclesia
759 4158 854 4226 beate
872 4159 977 4226 Maria
993 4160 1034 4226 de
1048 4159 1199 4226 Arcubus
1220 4162 1413 4244 Londoniis,
1428 4173 1543 4250 quarto
1558 4163 1611 4230 die
