3812 5030
187 1012 242 1058 Hoc
251 1026 323 1058 anno.

408 517 452 575 40
728 527 942 572 canonicos
962 527 1288 570 rnrnosuaosssa.

408 682 443 746 in
476 681 592 747 eodem
618 678 776 744 comitatu
801 687 906 762 capte,
931 678 1023 743 vobis
1047 679 1239 742 mandamus
1264 680 1352 764 quod
1374 679 1478 744 eidem
1502 680 1613 746 abbati

410 785 568 850 decimam
582 781 779 860 venacionis,
799 803 897 867 quam
919 781 954 844 in
980 781 1122 846 adventu
1137 792 1245 848 vestro
1262 783 1384 848 ibidem
1398 807 1458 849 vos
1473 785 1514 849 ad
1530 808 1612 870 opus

409 896 559 950 nostrum
574 905 688 968 capere
703 883 883 968 contigerit,
898 882 1016 947 habere
1031 882 1166 948 faciatis.
1198 886 1308 964 Teste,
1320 895 1381 950 eto.
1396 908 1482 951 anno
1494 909 1602 971 supra.

455 989 495 1053 In
518 990 603 1054 festo
630 987 733 1052 sancti
757 985 883 1066 Jacobi,
900 986 1052 1050 dominus
1078 988 1269 1072 Radulphus
1295 988 1412 1054 Basset
1433 990 1510 1054 fecit
1533 990 1613 1054 fide·

187 1099 393 1163 (surmate.)
409 1091 533 1156 litatem
549 1090 682 1156 domino
709 1090 847 1154 Ricardo
873 1089 981 1154 abbati
1006 1111 1065 1174 pro
1090 1102 1175 1154 terra
1190 1113 1287 1176 quam
1309 1102 1400 1156 tenet
1413 1093 1448 1157 in
1465 1093 1612 1172 Pistesle,

187 1418 241 1464 Hoc
251 1433 325 1466 anno.

186 1534 239 1580 Hoc
248 1549 321 1582 anno.

187 1723 241 1770 Hoc
252 1739 323 1774 anno.

409 1218 469 1281 pro
484 1218 547 1280 qua
572 1195 679 1260 reddit
693 1216 725 1258 x.
741 1215 864 1258 marcas
889 1214 948 1278 per
968 1215 1103 1271 annum,
1118 1203 1152 1258 et
1177 1194 1267 1260 dedit
1286 1217 1346 1280 pro
1369 1195 1489 1261 relevio
1504 1218 1563 1260 suo
1579 1217 1612 1260 x.

409 1321 543 1364 marcas.

452 1403 559 1467 Nonis
576 1400 777 1488 Septembris
793 1400 874 1465 obiit
888 1399 941 1486 pic
956 1401 1111 1465 memorie
1129 1400 1307 1465 Nicholaus
1323 1423 1416 1485 papa.

451 1507 515 1571 Die
536 1505 724 1571 Nativitatis
750 1503 845 1569 beate
860 1503 967 1567 Maria
983 1502 1136 1567 Oliverus
1162 1503 1336 1588 episcopus
1351 1503 1520 1569 Lineolnie
1535 1505 1612 1570 fecit

407 1609 571 1694 ingressus
587 1630 676 1671 suos.

452 1713 515 1776 Die
527 1721 638 1775 sancte
654 1709 744 1774 Fidis
759 1707 903 1792 Virginis
922 1709 1115 1772 translatum
1138 1717 1190 1772 est
1211 1730 1328 1792 corpus
1341 1708 1443 1772 sancti
1460 1708 1609 1794 Hugonis

407 1815 552 1900 episcopi
567 1837 585 1877 a
600 1813 653 1877 die
676 1811 893 1896 deposicionis
914 1811 985 1894 ejus
1001 1833 1086 1874 anno
1111 1811 1218 1876 .lxxx⁰.
1234 1812 1326 1896 cujus
1341 1810 1547 1875 translacioni
1561 1811 1610 1877 in-

406 1917 589 1980 terfuerunt
603 1913 756 1978 dominus
779 1934 837 1976 rex
863 1921 897 1975 et
922 1911 1032 1996 regina
1047 1934 1121 1976 cum
1144 1912 1253 1977 liberis
1279 1935 1402 1978 eorum.
1446 1914 1609 1978 Dominus

406 2019 505 2085 etiam
531 2017 791 2103 archiepiscopus
816 2037 891 2080 cum
916 2014 971 2078 rii.
998 2015 1199 2100 coepiscopis
1225 2026 1259 2080 et
1283 2039 1340 2082 sex
1365 2017 1546 2097 abbatibus,
1573 2041 1609 2083 ac

406 2122 519 2209 populi
541 2119 716 2185 multitudo
738 2118 881 2183 maxima
902 2117 1039 2202 predicti
1054 2120 1157 2183 sancti
1173 2129 1321 2205 petentes
1335 2122 1523 2206 patrocinia.
1568 2123 1607 2186 ln

406 2227 498 2311 eujus
515 2225 662 2311 sepulcro
677 2225 810 2288 inventa
824 2230 876 2286 est
890 2220 953 2285 olei
968 2221 1131 2305 quantitas
1146 2245 1214 2287 non
1230 2223 1367 2303 modica,
1386 2235 1419 2289 et
1433 2246 1492 2310 per
1506 2226 1608 2310 ipsius

406 2329 520 2394 merita
534 2329 672 2414 plurima
686 2327 807 2391 ibidem
821 2325 906 2388 fiunt
920 2324 1083 2388 miracula.
1128 2325 1254 2390 Eodem
1280 2326 1331 2390 die
1355 2327 1508 2412 magister
1521 2329 1609 2393 'Pho-

405 2453 475 2494 mas
491 2431 563 2494 Bek
577 2431 610 2493 in
626 2429 817 2514 episcopum
833 2428 1067 2492 Menevensem
1082 2427 1202 2492 ibidem
1219 2442 1424 2494 consecratus
1439 2440 1500 2496 est.

185 2554 391 2621 (solumina)
448 2532 603 2612 lQuarto
625 2531 699 2595 idus
717 2529 914 2594 Novembris
944 2531 1141 2615 adquisitum
1171 2541 1222 2594 est
1250 2531 1347 2596 breve
1375 2534 1500 2598 domini
1523 2535 1607 2621 regis

184 2645 239 2692 Hoc
249 2661 322 2693 suno.

405 2636 446 2700 de
476 2635 694 2719 acquietancia
725 2633 860 2707 servicii,
892 2633 953 2696 sub
983 2635 1045 2697 hac
1073 2633 1187 2696 iorma.
1246 2635 1317 2698 Rex
1346 2635 1545 2700 thesaurario
1575 2647 1608 2701 et

405 2737 581 2802 baronibus
606 2736 673 2799 suis
697 2736 738 2799 de
765 2734 941 2814 Scaccario,
964 2734 1110 2798 salutem.
1157 2736 1243 2802 Quia
1269 2746 1397 2801 constat
1421 2737 1516 2802 nobis
1551 2761 1609 2824 per

404 2838 644 2924 inspeccionem
670 2837 850 2901 litterarum
883 2847 1068 2900 nostrarum
1096 2839 1282 2922 patencium
1309 2837 1426 2906 dilecto
1451 2839 1547 2904 nobis
1572 2843 1606 2906 in

405 2941 539 3007 Christo
551 2940 661 3006 abbati
671 2941 711 3004 de
723 2941 833 3024 Burgo
846 2940 949 3004 sancti
961 2938 1049 3004 Petri
1060 2940 1291 3018 confectarum,
1303 2941 1390 3025 quod
1405 2941 1491 3005 idem
1506 2941 1606 3007 abbas

404 3046 502 3111 solvit
520 3045 555 3110 in
570 3043 746 3131 gardaroba
761 3053 873 3108 nostra
889 3043 994 3108 clxvi.
1009 3041 1107 3106 libras
1123 3042 1211 3108 aiiii.
1227 3043 1349 3107 solidos
1365 3043 1431 3108 iiii.
1446 3045 1606 3126 denarios,

403 3171 462 3235 per
476 3172 558 3234 quos
573 3150 672 3214 finem
688 3150 806 3214 fecerat
820 3147 992 3213 nobiscum
1007 3168 1067 3232 pro
1083 3145 1218 3212 servicio
1234 3168 1294 3211 suo
1309 3147 1451 3232 quinque
1466 3148 1605 3213 militum

404 3253 446 3316 ad
472 3253 649 3316 exercitum
677 3261 827 3316 nostrum
853 3251 982 3330 Wallie,
1006 3271 1092 3314 anno
1118 3248 1209 3332 regni
1234 3249 1337 3312 nostri
1363 3249 1489 3333 quinto,
1518 3253 1606 3336 quod

404 3352 501 3418 nobis
542 3375 577 3417 se
610 3353 728 3418 debere
764 3354 963 3438 recognovit,
992 3350 1086 3417 vobis
1117 3350 1310 3415 mandamus
1340 3351 1428 3434 quod
1465 3353 1605 3418 eundem

405 3453 556 3518 abbatem
583 3454 623 3518 de
650 3455 794 3538 scutagio
810 3455 898 3539 quod
919 3454 960 3519 ab
986 3476 1025 3518 eo
1050 3453 1178 3537 exigitis
1201 3452 1243 3516 ad
1268 3474 1351 3538 opus
1374 3463 1521 3520 nostrum
1544 3477 1605 3538 pro

406 3555 548 3620 exercitu
563 3565 677 3621 nostro
696 3557 843 3640 predicto
858 3555 1005 3640 quietum
1027 3575 1099 3620 esse
1121 3554 1256 3620 faciatis.
1299 3555 1398 3619 Teste
1421 3577 1495 3640 rege
1517 3558 1603 3642 apud

406 3657 747 3737 westmonasterium,
762 3661 822 3721 1¹²⁰
837 3658 888 3721 die
903 3655 1111 3736 Novembris,
1123 3679 1208 3721 anno
1223 3658 1313 3742 regni
1328 3658 1432 3722 nostri
1446 3658 1524 3724 viiia

449 3759 585 3823 Domini
599 3760 767 3825 Johannes
790 3760 831 3824 da
845 3760 1003 3838 Vallibus,
1019 3759 1202 3824 Wiilelmus
1227 3761 1267 3825 de
1290 3760 1419 3840 Sabam,
1434 3759 1457 3823 J
1459 3759 1604 3822 ohannes

405 3861 446 3926 de
472 3861 688 3946 Metingbam,
711 3871 745 3925 et
768 3861 921 3945 magister
941 3861 1085 3925 Thomas
1112 3861 1152 3925 de
1182 3861 1410 3946 Sutbingtona,
1433 3859 1604 3946 justiciarii

402 3963 602 4043 itinerantes,
640 3963 795 4026 sederunt
834 3964 920 4048 apud
957 3962 1159 4046 Notingham
1197 3986 1216 4027 a
1249 3963 1389 4028 crastino
1422 3962 1601 4026 animarum

402 4066 571 4152 usquead
600 4064 717 4131 Natale
747 4065 893 4144 Domini,
917 4064 974 4130 ubi
1000 4065 1135 4130 accessit
1164 4066 1315 4130 dominus
1341 4065 1451 4144 abbas,
1480 4064 1602 4129 ibidem
