3812 5030
422 578 457 636 18
736 592 946 636 cunoxrcox
966 592 1291 636 Parnonuuosxsa.

417 743 629 829 publicarent.
675 743 749 808 Hoc
763 743 860 807 etiam
883 765 969 808 anno
996 743 1105 808 statim
1123 754 1200 828 post
1225 743 1407 828 predictum
1432 742 1553 808 bellum
1576 744 1617 808 de

419 845 582 910 Evesham
599 845 708 908 scisita
719 846 851 910 fuerunt
861 846 927 910 fere
942 846 1052 910 omnia
1066 845 1209 909 maneria
1219 846 1314 910 istius
1330 847 1447 909 domus
1457 871 1466 925 3
1478 847 1618 932 quedam

419 950 453 1011 in
478 968 594 1010 manus
618 946 742 1012 domini
767 947 850 1032 regis
862 972 872 1027 3
899 948 1037 1032 quedam
1052 947 1087 1011 in
1113 969 1228 1012 manus
1253 947 1377 1012 domini
1392 949 1544 1013 Edwardi
1560 950 1620 1013 filii

422 1050 472 1113 sui
482 1076 492 1129 ;
502 1050 640 1135 quedam
651 1050 685 1114 in
695 1073 811 1115 manus
823 1051 951 1116 comitis
962 1051 1138 1116 Glovernie
1148 1077 1157 1131 3
1169 1051 1307 1136 quedam
1319 1052 1353 1114 in
1365 1074 1481 1116 manus
1490 1053 1620 1117 comitis

422 1153 631 1218 Warrennie:
648 1154 785 1238 quedam
800 1153 834 1218 in
849 1177 965 1218 manus
977 1155 1124 1219 aliorum.
1148 1155 1214 1220 Qui
1224 1155 1458 1219 forisfacturam
1474 1156 1620 1219 omnium

421 1255 581 1321 bonorum
607 1255 776 1322 mobilium
811 1265 846 1322 ct
873 1256 1089 1321 immobilium
1115 1255 1344 1342 pretendentes
1374 1278 1434 1341 pro
1464 1279 1503 1322 eo
1532 1259 1620 1343 quod

422 1358 521 1424 abbas
545 1380 585 1423 ex
600 1359 706 1425 edicto
727 1359 804 1426 dicti
821 1359 962 1425 Comitis
986 1360 1077 1424 misit
1100 1360 1187 1446 apud
1212 1359 1425 1424 Kinelwlrthe
1450 1362 1620 1426 servicium

422 1485 519 1527 suum
548 1472 581 1528 et
608 1462 686 1528 alibi
720 1473 832 1530 eontra
855 1463 1024 1530 dominum
1058 1485 1179 1548 regem,
1202 1473 1239 1526 ut
1265 1462 1458 1538 asserebant,
1491 1485 1621 1548 gravem

421 1565 682 1651 redempcionem
717 1565 898 1651 exigebant.
955 1566 1102 1634 Quarum
1137 1565 1403 1651 redempcionum
1432 1575 1466 1630 et
1489 1565 1622 1630 aliarum

423 1670 645 1734 extorsionum
672 1671 840 1736 occasione
864 1671 950 1736 dicte
963 1692 1077 1756 guerre
1097 1670 1291 1735 inflictarum
1309 1690 1447 1749 summa,
1463 1691 1623 1733 summam

424 1792 536 1835 musa.
562 1794 741 1836 marcarum
775 1773 960 1838 excedebat
1006 1773 1111 1857 Cujus
1144 1773 1191 1836 rei
1226 1794 1322 1836 eausa
1346 1772 1465 1836 domus
1489 1773 1551 1837 ista
1574 1793 1624 1836 re-

423 1874 544 1937 mansit
558 1875 663 1937 multo
678 1884 824 1958 tempore
838 1885 914 1958 post
928 1896 981 1938 ere
996 1875 1101 1938 alieno
1117 1896 1259 1958 opressa,
1275 1875 1350 1958 quia
1365 1875 1440 1939 dicti
1458 1885 1623 1958 magnates

425 1974 544 2038 dictam
570 1973 831 2056 redempcionem
857 1975 927 2037 sinc
951 1973 1108 2038 dilacione
1128 1973 1374 2056 extorquebant.
1420 1975 1524 2038 Simili
1548 1976 1625 2040 lima

425 2096 539 2140 omnes
564 2084 631 2138 tam
657 2073 730 2138 laici
745 2096 842 2159 quam
868 2074 986 2153 clerici,
1008 2095 1121 2138 omnes
1147 2074 1262 2158 prelati
1287 2083 1353 2136 tarn
1370 2074 1513 2158 episcopi
1528 2099 1624 2160 quam

201 2203 264 2264 (sor.
274 2201 356 2250 lasis.
366 2196 412 2259 ν’.)
425 2177 580 2258 (abbates
589 2176 755 2241 baroniam
765 2188 913 2242 tenentes
923 2185 1221 2262 quantumcumque
1233 2175 1317 2260 parti
1329 2175 1468 2240 Comitis
1477 2177 1624 2242 faventes

427 2279 621 2346 tenebantur
635 2281 768 2366 opressi.

251 2411 416 2458 naasson.
474 2385 548 2449 Hoc
574 2405 660 2448 anno
684 2385 775 2450 nisus
799 2383 950 2450 dominns
976 2405 1033 2448 rex
1057 2405 1130 2448 cum
1158 2382 1248 2447 omni
1271 2403 1368 2466 posse
1393 2402 1452 2445 suo
1478 2380 1627 2466 persequi

429 2488 651 2554 exheredatos.
698 2487 764 2555 Qui
780 2487 928 2553 videntes
955 2486 1099 2572 undique
1122 2486 1185 2551 sibi
1200 2486 1387 2571 capcionem
1402 2485 1571 2550 imminere
1593 2496 1628 2549 et

428 2590 606 2668 interitum,
621 2611 661 2654 ex
685 2591 774 2654 omni
795 2599 886 2675 parte
906 2589 1022 2674 Anglie
1047 2597 1323 2674 congregaverunt
1345 2588 1516 2652 exercitus.
1562 2586 1629 2654 Qui

428 2693 572 2776 undique
588 2691 738 2760 debellati
762 2703 795 2757 et
817 2692 935 2758 devicti
960 2714 999 2757 eo
1015 2693 1102 2776 quod
1125 2713 1185 2776 per
1204 2691 1346 2756 diversas
1372 2701 1479 2775 partes
1502 2692 1629 2755 fuerant

430 2796 536 2873 divisi,
552 2793 682 2879 quidam
698 2796 738 2860 de
753 2795 929 2881 majoribus
952 2797 1084 2860 tandem
1108 2796 1218 2880 adepti
1242 2807 1320 2859 sunt
1344 2795 1483 2860 insulam
1500 2795 1540 2859 de
1565 2794 1630 2873 Eli,

431 2911 464 2965 et
488 2899 654 2984 indigenas
679 2899 785 2965 insule
809 2901 1014 2985 expulerunt,
1043 2909 1209 2964 vastantes
1235 2911 1268 2964 et
1294 2899 1509 2984 depredantes
1538 2898 1630 2963 villas

431 3003 553 3068 vicinas
579 3011 613 3067 et
640 3003 687 3068 eis
716 3004 904 3068 resistentes
933 3004 1084 3068 incendio
1114 3003 1290 3083 tradentes,
1332 3025 1444 3067 eorum
1473 3002 1568 3066 bonis
1598 3013 1632 3066 et

433 3106 569 3170 aliorum
597 3104 737 3170 insulam
763 3105 846 3171 bene
872 3105 1145 3171 instauraverunt.
1210 3105 1280 3169 Isto
1310 3104 1407 3169 etiam
1437 3126 1523 3168 anno
1549 3104 1632 3169 eirca

433 3211 553 3274 festum
570 3209 673 3274 sancti
687 3209 710 3274 J
712 3209 849 3274 ohannis
864 3209 1014 3294 Baptista
1030 3209 1165 3274 accessit
1180 3208 1331 3273 dominns
1343 3229 1399 3271 rex
1414 3207 1501 3292 apud
1518 3205 1631 3270 Kinel-

433 3312 557 3391 wirthe,
573 3321 714 3375 castrum
729 3319 763 3376 et
777 3321 957 3376 castrenses
983 3312 1194 3377 exheredatos
1213 3313 1334 3375 multos
1349 3311 1469 3375 ibidem
1485 3319 1633 3392 receptos

435 3413 663 3492 debellaturus,
679 3435 862 3478 convocans
879 3413 1000 3477 ibidem
1022 3425 1131 3478 totum
1151 3415 1323 3478 servicium
1339 3413 1426 3497 quod
1449 3411 1479 3474 ei
1498 3409 1634 3474 debetur

435 3525 468 3580 et
482 3524 590 3579 totum
605 3535 702 3598 posse
712 3535 819 3594 suum,
834 3515 997 3578 affirmans
1009 3536 1044 3578 se
1059 3536 1224 3598 nunquam
1241 3514 1316 3577 inde
1331 3533 1516 3576 recessurus
1531 3511 1634 3577 donec

435 3627 578 3684 castrum
605 3616 775 3701 optineret.
840 3616 944 3701 Cujus
968 3616 1119 3680 custodes
1145 3616 1278 3679 viriliter
1304 3637 1338 3679 se
1364 3614 1575 3678 defendentes
1602 3625 1636 3679 et

435 3721 637 3805 frequentem
663 3718 822 3804 impetum
844 3719 878 3782 in
900 3718 984 3803 regis
1005 3719 1180 3784 exercitum
1202 3719 1366 3795 facientes,
1381 3738 1548 3800 nunquam
1564 3739 1635 3781 sus·

436 3825 604 3889 tinuerunt
619 3823 788 3886 dominum
808 3843 916 3907 regem
939 3843 1014 3886 cum
1034 3823 1124 3887 omni
1147 3843 1244 3906 posse
1260 3843 1320 3884 suo
1336 3831 1369 3884 et
1394 3843 1467 3883 cum
1483 3820 1635 3885 omnibus

435 3925 594 3991 machinis
622 3925 688 3989 suis
714 3925 839 3990 bellicis
869 3925 1013 4010 spacium
1042 3925 1139 3990 unius
1165 3925 1258 4009 pedis
1284 3924 1367 3986 infra
1390 3932 1493 3986 metas
1523 3945 1635 3987 eorum

436 4030 613 4115 adquirere.
648 4027 796 4094 Accessit
807 4027 903 4092 etiam
919 4027 1040 4094 ibidem
1056 4029 1209 4093 dominus
1226 4026 1368 4113 Legatus
1384 4038 1451 4091 tam
1467 4026 1507 4092 de
1522 4048 1635 4091 recon-

436 4133 600 4200 ciliacione
624 4153 736 4198 eorum
753 4153 849 4217 quam
865 4132 1007 4210 aliorum
1016 4133 1284 4198 exheredatorum
1300 4141 1506 4196 tractaturus.
1548 4129 1637 4195 Con·
