3938 5022
667 641 882 688 csnonrcon
899 641 1226 688 nsanosunosnss.
1499 627 1557 686 125

348 792 514 879 predictus
529 791 629 858 abbas
643 793 716 858 illos
730 793 809 860 facit
822 794 932 861 venire
946 795 988 859 ad
1003 795 1194 860 mandatum
1209 791 1333 857 domini
1349 790 1459 877 Regis.
1507 791 1555 857 Et

349 918 389 962 eo
403 905 546 962 warento
561 896 678 962 clauim
692 897 810 962 habere
820 897 1000 984 predictam
1014 898 1191 984 prisonem.

392 1000 440 1064 Et
453 1002 560 1086 quoad
574 999 742 1066 hundreda
756 1001 796 1066 de
813 999 1041 1080 Houkeslawe,
1057 997 1240 1079 Pokebrolr‚
1264 995 1553 1076 Nortbavislunde,

131 1127 190 1191 (sot
197 1126 278 1178 oevttt
287 1131 335 1194 ῳ.)
349 1102 635 1184 lSuthavislunde,
646 1113 680 1170 et
690 1104 887 1184 Navislord3
905 1103 1083 1190 dicitquod
1095 1101 1252 1168 Ricardus
1263 1097 1335 1166 Rex
1344 1101 1554 1187 Anglie,con·

349 1205 544 1292 sanguineus
557 1206 654 1292 Regis
663 1227 762 1288 nunc,
771 1207 934 1274 concessit
943 1206 1122 1274 Benedicta
1130 1203 1241 1270 abbati
1250 1203 1351 1290 Burgi
1360 1215 1393 1270 et
1402 1203 1553 1270 omnibus

349 1308 589 1376 successoribus
612 1309 679 1374 suis
709 1318 743 1374 et
770 1310 939 1374 monachis
968 1309 1090 1376 ibidem
1119 1309 1193 1373 Deo
1223 1307 1449 1389 servientibus,
1479 1318 1553 1375 octo

348 1413 517 1478 hundreda
533 1435 592 1476 sua
606 1423 639 1477 et
650 1411 800 1498 justicias
816 1412 857 1476 de
879 1412 1002 1478 eisdem
1017 1410 1208 1490 hundredis,
1233 1409 1333 1476 libere
1349 1421 1383 1477 et
1398 1412 1506 1496 quiete
1521 1421 1555 1478 et

348 1515 501 1600 plenarie,
515 1535 590 1578 cum
606 1511 758 1578 omnibus
772 1512 975 1578 libertatibus
991 1522 1024 1578 et
1037 1511 1147 1578 liberis
1162 1513 1463 1578 consuetudinibus.
1508 1514 1555 1578 Et

348 1616 436 1700 quod
450 1614 592 1679 habeant
602 1614 748 1678 francum
759 1614 902 1701 plegium
911 1614 946 1679 in
956 1613 1103 1680 custodia
1112 1635 1172 1678 sus
1182 1613 1223 1678 de
1235 1613 1388 1679 omnibus
1400 1614 1553 1678 dominiis

348 1729 382 1786 et
395 1718 574 1784 hundredis
589 1717 667 1784 suis.
711 1717 756 1784 Et
771 1719 860 1803 quod
874 1717 1015 1784 habeant
1037 1719 1073 1786 in
1099 1715 1252 1784 omnibus
1277 1717 1456 1784 hundredis
1483 1718 1553 1782 suis

348 1822 501 1909 quicquid
514 1822 695 1888 vicecomes
709 1821 809 1888 habet
822 1822 857 1886 in
877 1822 1048 1890 dominicis
1063 1819 1240 1887 hundredis
1265 1821 1343 1901 suis,
1359 1821 1506 1886 similiter
1520 1833 1555 1888 et

347 1926 382 1990 in
397 1925 549 1990 omnibus
564 1925 716 1990 dominiis
732 1925 810 2003 suis,
824 1926 859 1989 in
874 1926 1106 2012 cujuscumque
1128 1923 1258 1990 ballivis
1280 1925 1411 2006 fuerint,
1432 1933 1466 1990 et
1480 1925 1554 1990 ideo

347 2027 514 2114 probibuit
542 2027 629 2094 idem
659 2028 811 2094 dominus
842 2029 913 2094 Rex
951 2028 1120 2108 Ricardus,
1158 2047 1200 2092 ne
1229 2027 1345 2112 aliquis
1373 2028 1553 2094 vicecomes

346 2133 400 2196 vel
414 2130 528 2217 aliquis
543 2131 624 2195 alius
640 2153 675 2196 se
697 2131 773 2197 inde
787 2131 995 2214 intromittat,
1009 2131 1074 2198 nisi
1098 2129 1163 2216 ipsi
1188 2140 1223 2196 et
1248 2130 1359 2196 ballivi
1383 2131 1444 2210 sui,
1471 2153 1553 2218 quos

346 2234 393 2298 ibi
407 2255 527 2319 ponere
540 2234 713 2300 voluerint.
747 2234 911 2315 Testibus,
928 2234 1112 2302 Gwillelmo
1128 2232 1253 2298 Bliensi
1264 2233 1418 2319 episcopo
1429 2234 1554 2300 canoel·

347 2337 426 2402 lario
442 2337 566 2403 domini
582 2338 691 2423 Regis,
707 2338 794 2424 apud
811 2339 1039 2424 Rotomagum
1054 2337 1120 2401 xxi.
1136 2335 1188 2400 die
1204 2337 1332 2414 Marcii,
1346 2345 1409 2400 etc.

391 2441 438 2504 Et
452 2440 620 2507 Gilbertus
636 2441 676 2506 de
687 2442 875 2506 Torentcna
890 2450 952 2508 etc.
963 2440 1019 2528 qui
1034 2437 1180 2526 sequitur
1193 2461 1253 2524 pro
1264 2441 1363 2523 Rege,
1375 2438 1454 2504 dicit
1465 2440 1553 2526 quod

347 2543 501 2630 quicquid
515 2543 681 2629 predictus
696 2543 797 2610 abbas
812 2543 912 2612 habet
925 2544 960 2610 in
982 2539 1187 2610 libertatibus
1203 2541 1333 2628 Regiis3
1353 2542 1416 2607 hoc
1430 2553 1481 2610 est
1495 2565 1554 2629 per

348 2647 592 2714 concessionem
607 2647 851 2734 progenitorum
867 2646 976 2734 Regis,
988 2656 1023 2715 et
1036 2667 1077 2712 ex
1089 2667 1153 2732 quo
1162 2645 1329 2732 predictus
1341 2644 1441 2710 abbas
1452 2647 1554 2712 nichil

349 2751 487 2837 speciale
507 2751 653 2816 ostendit
674 2751 715 2816 de
735 2751 880 2837 predicte
898 2751 1031 2837 prisona
1051 2747 1201 2815 habenda
1212 2773 1222 2830 ;
1246 2749 1375 2816 videtur
1405 2749 1435 2814 ei
1464 2751 1553 2836 quod

348 2853 500 2919 seisinam
511 2876 608 2939 quam
623 2853 760 2940 allegat3
786 2877 854 2920 non
868 2853 966 2923 debet
980 2854 1010 2922 ei
1025 2873 1096 2920 esse
1111 2853 1274 2919 sufficiens
1289 2861 1479 2921 warantum.
1508 2856 1555 2920 Et

347 2966 492 3042 preterea
506 2957 688 3042 dicitquod
702 2957 730 3022 si
752 2979 884 3022 necesse
898 2957 996 3024 fuerit
1006 2981 1016 3038 ς
1042 2955 1115 3023 vult
1134 2955 1299 3021 verificare
1324 2976 1383 3040 per
1405 2957 1554 3042 patriam,

348 3059 437 3142 quod
445 3067 592 3143 tempore
605 3059 741 3124 Henrici
754 3059 863 3144 Regis,
874 3059 976 3144 patris
988 3057 1087 3146 Regis
1098 3080 1187 3122 nunc
1198 3083 1208 3136 3
1227 3057 1472 3142 predecessores
1480 3081 1554 3144 pre-

350 3160 428 3226 dicti
438 3161 565 3226 abbatis
573 3161 696 3226 nullam
706 3160 891 3226 habuerunt
899 3160 1138 3246 prisonem,sed
1149 3168 1278 3224 tantum
1286 3158 1420 3225 liberam
1431 3161 1553 3226 curiam

349 3263 492 3340 baronis,
508 3265 549 3330 ad
570 3265 730 3330 latronem
754 3285 952 3351 manuopera
975 3272 1107 3351 captum
1127 3262 1341 3349 judicandum
1368 3285 1427 3349 per
1450 3283 1554 3330 sacra·

350 3378 508 3449 mentum,
522 3369 672 3434 ministro
688 3367 786 3456 Regis
807 3379 842 3434 et
866 3378 1057 3436 coronatore
1081 3366 1299 3454 presentibus,
1325 3377 1424 3453 prout
1449 3369 1553 3436 decet.

350 3472 396 3538 Et
421 3473 508 3558 quod
534 3483 680 3557 tempore
703 3471 839 3558 predicti
861 3471 997 3536 Henrici
1012 3469 1110 3557 Regis
1132 3469 1239 3556 primo
1262 3471 1468 3556 appropriata
1489 3472 1554 3540 fuit

350 3575 481 3660 prisona
494 3574 640 3661 predicte
664 3572 808 3656 abbacie,
823 3588 857 3639 et
878 3573 1051 3660 justiciarii
1075 3573 1200 3642 domini
1222 3573 1322 3660 Regis
1347 3574 1454 3660 primo
1477 3597 1552 3660 pro·

351 3679 448 3746 mesti
463 3681 504 3746 ad
518 3680 697 3766 predictam
712 3679 838 3765 gaolam
854 3677 1094 3744 deliberandam
1119 3701 1178 3764 per
1201 3678 1288 3744 curie
1311 3678 1553 3764 surrepcionem

349 3783 384 3848 in
399 3783 556 3850 lesionem
571 3782 737 3869 dignitatis
752 3804 870 3848 corone
886 3793 920 3848 et
933 3783 1037 3868 ipsius
1053 3783 1151 3870 Regis
1172 3783 1350 3869 dampnum
1365 3805 1433 3848 non
1448 3784 1553 3850 modi—

350 3907 438 3965 cum,
452 3897 513 3952 etc.

398 3989 517 4054 Postea
537 4010 558 4053 a
571 3989 624 4053 die
641 3989 764 4056 Pasche
782 3989 817 4054 in
842 4011 946 4056 unum
969 4011 1116 4057 mensem
1141 4012 1229 4057 anno
1252 3993 1318 4056 xv'.
1342 4012 1438 4076 quem
1465 3991 1551 4056 diem

351 4089 466 4156 habuit
479 4112 537 4176 per
552 4113 757 4156 communem
774 4092 1072 4177 proclamationem,
1087 4094 1178 4158 venit
1192 4093 1358 4179 predictus
1372 4091 1472 4158 abbas
1495 4115 1553 4178 per

352 4199 551 4272 attornetum
568 4213 675 4271 suum,
691 4203 724 4258 et
750 4193 846 4258 datus
861 4203 913 4258 est
927 4193 957 4258 ei
972 4193 1042 4259 dies
1058 4215 1167 4259 coram
1181 4193 1395 4260 Thesaurario
1411 4203 1444 4258 et
1459 4193 1552 4258 bero·
