3812 5030
438 591 479 648 34
756 603 969 648 canonicos
989 599 1314 646 rursosussnssm

483 757 588 820 Breve
604 753 727 818 domini
742 756 825 839 regis
840 776 899 839 pro
915 753 1039 820 decima
1053 752 1239 819 venacionis
1253 751 1412 816 habenda.

219 867 281 913 nem
293 864 419 909 1100211110·
484 858 611 924 Eodem
626 867 772 943 tempore
795 857 889 942 petiit
909 857 1059 922 dominus
1079 855 1178 921 abbas
1196 855 1354 921 Ricardus
1370 854 1527 921 decimam
1543 873 1643 917 vena-

442 962 544 1028 cionis
560 971 652 1046 capte
675 961 710 1024 in
725 961 880 1024 comitatu
906 957 1153 1036 Norhamtonie‚
1174 980 1270 1042 quam
1295 956 1413 1021 habere
1438 955 1536 1020 debet
1559 955 1644 1019 sicut

443 1076 529 1130 carte
552 1065 690 1150 plurium
714 1085 825 1147 regum
840 1063 957 1147 Anglie
974 1071 1145 1139 testantur,
1165 1071 1199 1126 et
1220 1061 1332 1125 habito
1355 1081 1451 1143 super
1474 1061 1536 1124 hoc
1559 1059 1644 1122 inter

445 1169 528 1253 regis
538 1166 734 1232 consiliarios
746 1165 892 1250 diligenti
902 1174 1041 1229 tractatu
1055 1163 1282 1228 transmissum
1298 1173 1349 1228 est
1363 1163 1495 1228 domino
1507 1161 1644 1226 Ricardo

448 1271 488 1335 de
505 1269 670 1335 Holebroc
683 1280 762 1335 tunc
777 1268 951 1334 senescallo
966 1268 1085 1332 foreste
1099 1265 1196 1331 breve
1212 1266 1440 1352 subscriptum.

223 1394 262 1439 ns
274 1391 368 1439 decima
495 1374 694 1438 Monstravit
717 1371 812 1437 nobis
838 1371 975 1436 dilectus
998 1368 1093 1434 nobis
1111 1369 1145 1432 in
1162 1369 1294 1434 Christo
1317 1369 1475 1434 Ricardus
1491 1367 1589 1432 abbas
1605 1367 1646 1432 de

227 1458 371 1504 '‘mimi‘'
451 1479 561 1562 Burgo
577 1476 679 1540 sancti
696 1475 793 1554 Petri,
809 1475 895 1560 quod
911 1496 983 1538 cum
999 1471 1070 1558 ipse
1090 1493 1149 1556 per
1174 1481 1277 1536 cartas
1303 1472 1550 1557 progenitorum¹
1570 1493 1647 1535 nos-

449 1593 572 1645 trorum
588 1601 699 1664 regum
714 1578 831 1663 Anglie
845 1577 964 1642 habere
979 1575 1106 1654 debeat,
1121 1584 1155 1639 et
1176 1574 1245 1660 ipse
1269 1584 1303 1639 et
1325 1575 1569 1660 predecessores
1596 1575 1648 1638 sui

449 1682 582 1747 abbates
607 1681 670 1745 loci
694 1681 831 1772 predicti
860 1679 980 1744 habere
1006 1688 1257 1757 consueverunt,
1280 1678 1439 1744 decimam
1461 1679 1648 1743 venacionis

449 1795 560 1851 nostre
575 1793 668 1868 capte
683 1783 717 1846 in
733 1783 885 1874 omnibus
900 1783 1030 1847 forestis
1045 1781 1166 1846 nostris
1180 1782 1264 1846 infra
1278 1783 1470 1847 comitatum
1486 1783 1649 1847 Norham·

451 1889 551 1966 tonia,
581 1887 712 1971 quidam
741 1886 781 1950 dc
810 1886 931 1950 nostris
957 1907 997 1951 ex
1020 1895 1111 1970 parte
1140 1895 1252 1950 nostra
1281 1887 1440 1951 decimam
1461 1885 1650 1972 hujusmodi

451 1989 636 2054 venacionis
652 2010 756 2073 nuper
769 1989 804 2053 in
819 1988 942 2054 eisdem
957 1988 1086 2053 forestis
1098 2037 1100 2040 -
1110 1999 1203 2073 capte
1217 1989 1363 2074 predicto
1379 1989 1488 2054 abbati
1503 1989 1652 2054 detinent

452 2095 486 2159 in
501 2093 604 2179 ipsius
620 2103 653 2156 et
668 2091 800 2156 ecclesie
817 2113 875 2156 sue
886 2091 1100 2178 prejudicium
1110 2101 1335 2177 etgravamen.
1380 2094 1539 2159 Nolentes
1555 2093 1652 2179 igitur

452 2197 557 2263 eidem
573 2195 683 2260 abbati
708 2195 863 2281 injuriari,
878 2194 973 2260 vobis
999 2195 1192 2259 mandamus
1218 2197 1306 2282 quod
1331 2219 1389 2282 per
1415 2207 1651 2262 sacramentum

453 2313 520 2366 tam
535 2301 778 2366 forestariorum
788 2309 822 2364 ct
830 2299 1056 2364 viridariorum
1072 2299 1218 2383 parcium
1233 2301 1359 2364 illarum
1371 2301 1481 2386 [quam
1496 2299 1647 2386 aliorum]

232 2408 442 2478 (soron-titas.)
453 2413 571 2490 squam
586 2404 721 2468 aliorum
733 2403 909 2490 proborum
920 2415 955 2467 et
965 2402 1115 2487 legalium
1126 2403 1307 2482 hominum,
1317 2425 1375 2488 per
1386 2426 1468 2489 quos
1478 2405 1525 2469 rei
1535 2405 1653 2468 veritas

454 2508 528 2573 sciri
542 2507 672 2592 poterit,
688 2507 856 2591 diligenter
877 2506 1045 2591 inquiratis
1068 2516 1179 2570 utrum
1202 2507 1366 2592 predictus
1382 2507 1480 2572 abbas
1497 2508 1653 2573 decimam

455 2609 598 2695 predicte
622 2609 807 2673 venacionis
832 2608 950 2673 habere
976 2609 1102 2688 debeat,
1122 2619 1157 2674 et
1181 2611 1251 2694 ipse
1275 2620 1309 2674 et
1330 2611 1573 2695 predecessores
1603 2612 1655 2676 sui

456 2712 592 2796 predicti
618 2733 689 2776 eam
715 2710 833 2775 habere
859 2711 1087 2776 consueverint
1110 2711 1195 2776 sicut
1217 2712 1296 2778 dicit
1321 2735 1381 2776 nec
1397 2735 1456 2792 ne3
1482 2713 1558 2779 etsi
1583 2735 1653 2778 eam

455 2812 574 2878 habere
590 2814 706 2879 debeat
719 2823 753 2878 et
767 2813 980 2892 consueverit,
995 2823 1074 2878 tunc
1089 2835 1187 2899 aquo
1204 2825 1350 2901 tempore
1372 2817 1517 2901 predicta
1531 2817 1657 2882 decima

458 2916 519 2982 sibi
536 2918 666 2982 detenta
677 2927 737 2996 est,
747 2925 780 2980 et
789 2936 848 3002 per
859 2937 941 3001 quos
951 2924 985 2979 et
999 2937 1063 3000 qua
1073 2915 1212 2982 racione.
1256 2918 1303 2982 Et
1317 2919 1564 3004 inquisicionem
1578 2920 1655 2984 inde

458 3021 610 3087 distincte
625 3031 659 3086 et
673 3029 782 3106 aperte
797 3019 915 3082 factam
936 3017 1030 3082 nobis
1047 3017 1107 3082 sub
1123 3019 1226 3104 sigillo
1242 3030 1350 3085 vestro
1366 3033 1400 3086 et
1417 3022 1528 3106 sigillis
1543 3043 1656 3086 eorum

458 3145 515 3211 per
524 3147 605 3210 quos
616 3126 700 3189 facta
708 3122 806 3187 fuerit
815 3122 884 3186 sine
894 3121 1051 3186 dilacione
1063 3119 1200 3186 mittatis
1210 3132 1244 3187 et
1254 3123 1316 3188 hoc
1325 3123 1434 3189 breve.
1470 3125 1578 3204 Teste,
1593 3136 1656 3192 etc.

237 3257 299 3304 Item
310 3257 355 3302 hos
365 3267 437 3301 anno.
501 3228 564 3293 Dic
574 3229 667 3293 Lune
679 3227 825 3312 proxima
836 3237 912 3290 ante
920 3226 1039 3290 festum
1052 3226 1156 3290 sancti
1166 3227 1292 3292 Thome
1307 3227 1457 3312 apostoli,
1465 3228 1657 3293 venerabilis

456 3341 550 3416 pater
573 3330 729 3395 Ricardus
752 3329 921 3394 Lincolnie
943 3329 1116 3414 episcopus
1138 3329 1204 3394 vitc
1224 3331 1383 3414 presentis
1409 3353 1540 3395 cursum
1570 3353 1659 3395 com-

456 3432 559 3517 plevit
573 3437 607 3496 in
628 3440 795 3496 senectute
817 3431 914 3510 bona,
936 3453 1022 3495 anno
1036 3431 1245 3516 pontificatus
1260 3431 1362 3516 ipsius
1378 3433 1531 3498 vicesimo
1547 3433 1658 3512 tercio,

458 3545 492 3599 et
507 3534 559 3599 die
574 3533 719 3618 ejusdem
735 3533 838 3597 sancti
853 3533 887 3597 in
902 3533 1037 3597 ecclesia
1050 3533 1220 3597 Lincolnie
1234 3533 1459 3599 venerabiliter
1472 3535 1636 3620 sepelitur.

240 3679 358 3728 1th
368 3691 439 3725 anno.
502 3637 566 3700 Die
578 3635 697 3699 Martis
712 3633 859 3719 proxima
874 3644 949 3719 post
963 3636 1082 3699 festum
1093 3636 1325 3722 purificationis
1336 3636 1429 3702 beate
1438 3637 1580 3722 Virginis
1591 3659 1658 3700 ma-

459 3739 559 3824 gister
574 3737 725 3802 Oliverus
742 3738 782 3801 de
798 3736 948 3817 Suttona,
965 3737 1116 3803 Decanus
1139 3737 1309 3803 Lincolnie
1324 3739 1467 3817 ecclesie,
1482 3740 1517 3803 in
1532 3739 1657 3824 episco-

461 3863 540 3928 pum
555 3843 700 3926 ejusdem
716 3841 836 3906 electus
852 3852 912 3906 est.

240 3970 441 4018 rumhocanno.
504 3944 716 4011 Venerandus
746 3953 838 4028 pater
865 3943 1035 4009 Johannes
1065 3946 1106 4010 de
1136 3944 1294 4009 Chishille
1317 3943 1502 4030 Episcopus
1525 3943 1658 4008 Londo-

461 4050 588 4114 niarum
617 4045 847 4111 diem'clausit
875 4056 1068 4127 extremum,
1108 4048 1161 4112 cui
1196 4047 1352 4112 successit
1373 4046 1526 4129 magister
1547 4045 1658 4110 Ricar-

461 4155 522 4218 dus
538 4153 578 4217 de
595 4149 837 4230 Graveshende,
858 4150 913 4236 qui
928 4161 1006 4216 tunc
1020 4152 1083 4218 fuit
1097 4151 1340 4217 archidiaconus
1356 4148 1603 4216 Norhamtonie.
