3812 5030
424 617 464 674 16
740 639 954 685 onnonncon
973 639 1299 686 rannoauaoansn.

422 783 683 871 archiepiscopus
705 789 965 872 jurisdictionem
989 793 1205 878 episcopalem
1231 792 1264 854 in
1296 787 1429 854 ecclesia
1454 783 1623 850 Linoolnie

421 886 497 950 sede
511 899 656 955 vacante.
701 891 828 958 Eodem
843 917 929 960 anno
951 895 1031 960 obiit
1046 896 1239 981 Ranulphus
1254 892 1353 959 abbas
1370 890 1548 968 Rameseie‚
1570 887 1623 952 cui

420 991 576 1056 successit
586 992 770 1060 Willelmus
786 996 827 1062 de
843 999 975 1063 Hocolt.
1017 999 1144 1064 Eodem
1160 1020 1245 1064 anno
1260 995 1386 1083 peperit
1399 993 1509 1077 regina
1522 990 1622 1054 liliam

419 1092 552 1158 nomine
568 1095 769 1163 Katerinam.
824 1099 938 1165 Simon
953 1102 994 1167 de
1019 1101 1197 1166 Hautoune
1221 1101 1309 1186 prior
1330 1096 1504 1183 Spaldinge
1528 1092 1619 1156 obiit

421 1194 584 1262 Henricus
596 1199 636 1265 de
651 1201 834 1269 Lexintone
849 1204 990 1269 decanus
1006 1205 1138 1270 ecclesie
1154 1204 1323 1269 Lincolnie
1345 1200 1473 1285 eligitur
1485 1197 1520 1262 in
1535 1197 1621 1281 epis·

419 1317 548 1383 eopum,
577 1301 634 1367 iiia
658 1303 811 1370 kalendas
838 1307 1020 1390 (Januarii).
1080 1308 1174 1374 Circa
1201 1309 1322 1374 festum
1353 1303 1455 1369 sancti
1479 1298 1620 1367 Dionisii

417 1399 502 1466 facta
516 1411 568 1468 est
581 1427 697 1491 magna
711 1408 892 1474 submersio
906 1411 941 1473 in
958 1411 1131 1476 Hoilanda.

462 1505 562 1591 Hugo
582 1509 755 1596 episcopus
775 1512 929 1592 Eliensis,
944 1513 1000 1598 qui
1014 1514 1077 1578 suit
1099 1514 1199 1578 abbas
1215 1515 1255 1581 de
1278 1521 1390 1577 sancto
1410 1508 1617 1585 Eadmundo,

416 1606 508 1688 obiit,
523 1611 575 1674 cui
602 1615 758 1680 successit
781 1615 967 1681 Willelmus
994 1618 1034 1682 de
1059 1617 1227 1697 Kilkenni,
1252 1613 1469 1682 cancellarius
1494 1611 1618 1677 domini

415 1711 509 1796 regis.
565 1714 674 1779 David
700 1718 801 1782 abbas
824 1718 973 1805 Tomeye
1000 1719 1092 1783 obiit.
1146 1719 1291 1784 Thomas
1315 1716 1415 1782 abbas
1443 1714 1617 1780 Crolandie

414 1813 506 1880 obiit.
550 1815 734 1883 Willelmus
749 1820 790 1884 de
808 1821 930 1885 Hocolt
944 1821 1044 1885 abbas
1060 1822 1229 1886 Rameseie
1252 1819 1343 1886 obiit.
1389 1817 1515 1884 Eodem
1530 1839 1616 1881 anno

414 1917 511 1981 rediit
536 1918 689 1982 dominus
704 1942 760 1984 rex
777 1921 817 1985 de
834 1922 998 1985 Gasoonia
1012 1932 1143 2005 peracto
1166 1922 1307 2005 negotio.
1353 1923 1446 1986 Idem
1463 1921 1615 1986 dominus

413 2039 471 2084 rex
486 2041 544 2104 per
558 2020 725 2085 licenciam
742 2023 866 2088 domini
881 2025 965 2109 regis
986 2025 1119 2089 Franoie
1135 2024 1285 2088 transivit
1298 2045 1356 2109 per
1378 2023 1615 2089 Pontiniaoum.

414 2120 461 2184 Et
483 2143 541 2205 per
568 2122 710 2186 Parisios
730 2125 786 2189 ubi
812 2125 953 2190 multum
977 2148 996 2188 a
1021 2145 1094 2209 rege
1126 2124 1260 2188 Francis
1285 2133 1319 2188 et
1342 2147 1361 2188 a
1382 2125 1449 2187 suis
1475 2124 1615 2188 multum

414 2223 634 2290 honorabatur
648 2235 681 2291 et
696 2226 742 2292 sic
756 2227 791 2291 in
806 2227 956 2314 Angliam
971 2247 1119 2292 reversus
1134 2235 1195 2290 est.

264 2331 401 2380 M⁰o⁰o⁰lv¹⁰.

283 2448 402 2499 hl⁰oolvi⁰.

277 2553 403 2601 M⁰cclril⁰.

268 2659 403 2706 Maeclviiia

285 2749 403 2798 Mosarna
461 2741 536 2805 Hoc
576 2762 662 2805 anno
690 2743 811 2806 factum
847 2751 898 2807 est
935 2743 1183 2827 parliamentum
1221 2742 1308 2826 apud
1338 2739 1500 2804 Oxoniam
1530 2741 1615 2806 inter

416 2844 585 2909 dominum
611 2867 719 2931 regem
745 2855 779 2910 et
804 2847 949 2910 Barones
976 2867 1073 2931 super
1096 2845 1290 2931 quibusdam
1316 2843 1555 2930 provisionibus
1581 2855 1615 2910 et

415 2946 706 3012 consuetudinibus
726 2946 920 3012 renovandis
943 2955 977 3012 et
1000 2947 1161 3026 tenendis,
1176 2969 1256 3032 quas
1271 2947 1474 3033 provisiones
1489 2957 1523 3012 et
1538 2969 1614 3012 con·

415 3051 604 3116 suetudines
641 3051 675 3115 in
713 3049 842 3136 scriptis
883 3051 1030 3116 redactas
1060 3060 1093 3116 et
1123 3051 1235 3136 sigillis
1266 3051 1468 3138 singulorum
1496 3051 1614 3137 Anglie

413 3166 601 3240 magnatum
625 3152 859 3232 corroboratas,
883 3163 950 3217 tam
970 3175 1027 3218 rex
1052 3175 1149 3239 quam
1170 3156 1278 3234 ceteri,
1298 3157 1444 3236 comites,
1465 3154 1613 3234 barones,

413 3259 507 3323 tactis
538 3256 751 3323 sacrosanctis
777 3258 969 3341 juraverunt
995 3257 1186 3337 observare3
1216 3281 1354 3344 quarum
1387 3259 1427 3322 de
1457 3281 1553 3322 causa
1578 3257 1613 3321 in

413 3369 581 3444 posterum
606 3381 722 3442 magna
737 3358 897 3424 dissencio
912 3360 998 3424 inter
1013 3381 1069 3425 eos
1087 3369 1158 3424 orta
1179 3369 1230 3424 est
1244 3383 1283 3425 eo
1300 3361 1386 3445 quod
1406 3381 1463 3424 rex
1485 3359 1613 3424 absolu-

414 3461 536 3525 tionem
559 3459 735 3544 juramenti
750 3459 961 3544 inpetraverit
975 3463 1136 3545 predictas
1155 3461 1358 3546 provisiones
1373 3461 1488 3525 nolens
1503 3461 1614 3524 obser-

413 3583 500 3641 vare,
525 3561 657 3645 reliquis
679 3561 714 3623 in
741 3562 938 3625 contrarium
964 3561 1089 3625 absolvi
1117 3561 1343 3640 renitentibus,
1369 3571 1403 3626 et
1427 3560 1612 3626 volentibus

414 3663 603 3727 omnimodo
618 3661 748 3726 easdem
762 3671 873 3727 tencre
887 3670 1021 3748 propter
1036 3659 1270 3746 obligacionem
1286 3662 1337 3726 sui
1348 3661 1534 3747 juramenti.

269 3759 400 3808 hl⁰c⁰c⁰l¹⁰.
466 3765 475 3778 '

202 3871 400 3946 (fallatiam.)

257 3963 400 4014 Moecha.

261 4075 400 4126 nummio.

239 4181 398 4233 noemma.
457 4177 533 4244 Hoc
548 4197 644 4259 anno,
660 4177 791 4257 scilicet,
805 4179 864 4245 vl0.
876 4198 979 4244 nonas
996 4178 1120 4260 Martii,
1136 4178 1218 4245 obiit
1232 4179 1255 4246 J
1256 4179 1401 4246 ohannes
1420 4182 1460 4247 de
1482 4181 1611 4262 Kaleto,
