3894 5024
404 631 464 692 142
720 643 935 690 cunonrcon
953 641 1280 688 varnonononnsn.

400 796 537 884 predicti
549 795 647 881 Regis
663 795 812 860 homines
828 795 955 860 abbatis
971 797 1011 862 de
1024 796 1135 880 Burgo
1147 794 1251 860 sancti
1263 791 1351 857 Petri
1366 792 1407 857 de
1417 791 1601 856 Alvoltons

400 908 434 964 et
449 899 601 964 Flettona
622 907 784 965 venerunt
808 898 851 963 ad
875 898 984 963 visum
1008 897 1111 962 franci
1133 895 1231 982 plegii
1255 894 1393 980 predicti
1418 893 1545 959 abbatis
1560 894 1600 958 de

400 1001 520 1067 'lornei
543 1002 585 1066 od
610 1000 845 1087 presentandos
871 1000 1137 1086 presentaciones
1159 998 1272 1084 quein
1287 1007 1385 1062 turno
1400 995 1600 1062 vicecomitis

401 1103 522 1170 debent
546 1104 725 1190 presentari
740 1125 799 1186 per
813 1103 1098 1170 conservacionem
1114 1102 1227 1189 patrie,
1253 1109 1287 1166 et
1311 1121 1443 1165 necesse
1457 1120 1524 1164 non
1539 1099 1602 1164 fuit

401 1208 489 1293 quod
522 1205 653 1273 libertas
682 1206 822 1293 predicti
851 1206 979 1272 abbatis
1003 1207 1044 1271 de
1070 1205 1191 1271 'Pomei
1225 1224 1285 1289 per
1314 1211 1435 1267 cartam
1463 1199 1600 1286 predicti

400 1309 557 1374 Willelmi
573 1309 670 1394 Regis
684 1309 866 1394 Anglorum
886 1331 1041 1374 concessa
1055 1330 1114 1395 per
1128 1307 1342 1394 posteriorem
1356 1303 1600 1371 concessionem

401 1413 499 1498 Regis
513 1411 742 1492 infirmaretur3
765 1412 1005 1477 consideratum
1015 1412 1166 1498 estquod
1181 1410 1333 1477 dominus
1348 1411 1419 1474 Rex
1433 1417 1601 1494 recuperet

400 1515 552 1582 seisinam
568 1537 660 1580 suam
675 1516 716 1580 de
730 1514 878 1600 predicto
892 1515 1064 1581 hundredo
1079 1535 1198 1582 corone
1213 1535 1273 1579 sue
1287 1534 1414 1578 annexu
1432 1521 1466 1576 et
1480 1532 1600 1577 arrera-

398 1617 451 1702 gia
462 1639 531 1696 sua,
541 1637 604 1702 que
614 1625 693 1681 sunt
702 1615 793 1682 iiiiu.
803 1616 848 1681 xi.
858 1616 951 1698 libre,
962 1626 997 1682 et
1007 1615 1164 1682 Abbasin
1175 1614 1403 1682 misericordia.
1426 1613 1473 1677 Et
1484 1613 1600 1699 quoad

398 1720 564 1786 residuum
579 1720 674 1785 datus
694 1728 746 1785 est
769 1719 799 1784 ei
814 1719 883 1785 dies
903 1729 966 1786 etc.
1011 1722 1057 1786 Et
1071 1729 1186 1806 postea
1200 1742 1220 1784 a
1234 1719 1287 1784 die
1309 1717 1413 1782 sancti
1427 1717 1600 1782 Michaelis

398 1824 433 1890 in
447 1845 551 1888 unum
565 1844 723 1903 mensem,
746 1845 833 1888 anno
857 1845 910 1888 xv.
937 1846 1035 1909 quem
1059 1825 1144 1890 diem
1170 1822 1286 1889 habuit
1310 1843 1369 1908 per
1393 1841 1600 1887 communem

397 1925 699 2015 proclamacionem,
714 1925 805 1992 venit
819 1927 986 2011 predictus
1010 1927 1111 1994 abbas
1136 1950 1195 2014 per
1218 1934 1419 1992 attornatum
1443 1947 1551 2006 suum,
1566 1934 1600 1991 et

398 2028 494 2093 datus
510 2037 562 2093 est
576 2027 606 2094 ei
621 2027 691 2092 dies
705 2049 725 2092 a
740 2029 865 2092 Pascha
879 2029 914 2093 in
929 2031 1114 2114 quindecim
1131 2030 1209 2095 dies.

435 2129 588 2194 Juratum
599 2127 800 2196 vicecomitis
811 2131 1500 2218 HuntendonieetCantsbrigie,secundum
1512 2131 1600 2216 quod

397 2227 563 2294 invenitur
576 2229 611 2292 in
625 2229 733 2294 rotulo
745 2229 786 2294 ad
798 2229 1012 2310 scaccarium,
1021 2251 1108 2296 anno
1122 2232 1213 2317 regni
1222 2233 1320 2318 Regis
1333 2233 1463 2299 Ricordi
1473 2233 1599 2319 quinto.

404 2383 406 2389 .
443 2331 602 2398 Ricordus
617 2332 773 2418 Anglicus
788 2332 968 2400 vicecomes
984 2334 1220 2401 Huntendonie
1235 2345 1269 2401 et
1281 2334 1487 2421 Cantabrigie
1502 2335 1600 2403 debet

398 2457 453 2500 xx.
469 2435 590 2500 solidos
605 2435 739 2502 blancos
755 2437 796 2500 de
811 2437 914 2504 veteri
927 2437 1021 2503 firma
1032 2439 1073 2503 de
1086 2437 1293 2525 cantabrigia
1302 2449 1336 2504 et
1351 2439 1599 2520 Huntendonia,

398 2537 454 2622 qui
468 2547 636 2603 remanent
651 2561 749 2624 super
763 2540 998 2624 aquietanciam
1021 2540 1145 2605 domini
1160 2541 1286 2606 abbatis
1309 2542 1349 2607 de
1365 2541 1486 2628 Burgo,
1501 2564 1599 2628 quam

397 2639 496 2705 habet
509 2662 568 2725 per
583 2649 704 2706 cartam
720 2641 829 2727 Regis,
841 2641 876 2705 in
892 2643 1112 2707 Normancros
1126 2643 1308 2708 hundredo.

178 2742 236 2804 tfvl·
248 2743 321 2792 excat
338 2745 384 2806 ἵ“’·)
445 2742 460 2807 Ι
467 2742 565 2805 Anno
581 2741 717 2806 Domini
733 2741 863 2806 M⁰.co⁰.
879 2743 1077 2827 octogesimo
1093 2743 1243 2828 septimo.

178 2860 334 2922 Homgtum.
445 2843 519 2908 Hoc
535 2865 633 2922 anno,
658 2889 666 2907 .
711 2891 720 2909 .
765 2890 774 2909 .
820 2892 828 2908 .
851 2843 934 2911 obiit
954 2843 1107 2909 dominus
1134 2845 1332 2929 Reginaldus
1355 2845 1396 2910 de
1410 2845 1599 2927 wateuile,

400 2955 435 3012 et
442 2947 591 3032 sepultus
606 2947 706 3014 estin
721 2947 856 3014 ecclesia
865 2947 977 3033 Burgi.
1000 2947 1081 3013 Post
1091 2948 1185 3034 cujus
1197 2948 1378 3029 decessum,
1389 2948 1500 3014 relicta
1513 2950 1599 3035 ejus·

401 3051 475 3116 dem
491 3050 615 3116 domini
631 3051 802 3138 Reginaldi
815 3052 946 3117 leoffota
960 3051 1023 3116 fuit
1038 3051 1079 3115 de
1095 3051 1239 3116 manerio
1255 3051 1296 3116 de
1312 3052 1463 3116 Marham
1478 3075 1542 3138 quo
1558 3053 1599 3116 sd

402 3153 514 3234 vitam,
532 3163 566 3220 et
589 3155 641 3220 die
663 3155 766 3220 sancti
785 3154 944 3240 Stephani
958 3155 1036 3220 fecit
1050 3154 1241 3220 fidelitatem
1257 3155 1392 3221 domino
1407 3155 1517 3220 abbati
1539 3178 1598 3242 pro

401 3255 489 3321 dicto
504 3258 659 3322 manerio.
703 3259 750 3322 Et
764 3257 879 3323 eodem
895 3257 947 3324 die
963 3259 1128 3323 Robertus
1144 3257 1185 3323 de
1199 3258 1277 3338 Ver,
1292 3258 1379 3324 filius
1394 3258 1460 3324 filie
1476 3259 1600 3324 domini

400 3359 580 3444 Regirraldi,
605 3359 684 3424 feeit
702 3358 892 3444 homagium
914 3360 1048 3425 domino
1067 3358 1178 3426 abbati
1193 3382 1253 3446 pro
1268 3362 1384 3428 eodem
1398 3362 1543 3427 manerio
1559 3363 1600 3427 de

401 3461 562 3524 Marham.

443 3559 517 3623 Hoc
538 3581 624 3624 anno
640 3560 792 3626 dominus
809 3561 981 3628 Umfridus
997 3563 1038 3630 de
1053 3564 1297 3651 Bassingburne
1313 3563 1391 3629 fecit
1412 3563 1599 3648 homagium

399 3661 532 3728 domino
547 3663 687 3726 Ricardo
703 3662 813 3728 abbati
828 3686 888 3749 pro
904 3677 1094 3732 tenemento
1109 3669 1197 3753 quod
1213 3668 1253 3732 de
1268 3667 1341 3752 ipso
1356 3674 1458 3730 tenet.

173 3781 232 3845 (jot
244 3783 330 3833 cccvii.
343 3783 386 3849 ν’.)

172 3850 255 3896 blank.

173 3929 385 3995 (foemam.)
441 3867 561 3947 lAnno
577 3866 712 3932 Domini
729 3867 895 3932 Milesimo
917 3869 1141 3936 ducentesimo
1162 3872 1362 3958 octogesimo
1383 3881 1510 3938 octavo.
1554 3873 1601 3938 Et

398 3992 483 4034 anno
498 3970 623 4035 domini
639 3969 769 4034 Ricardi
785 3971 826 4035 de
841 3970 1024 4036 Londoniis
1039 3971 1167 4038 abbatis
1184 3974 1284 4059 Burgi
1319 4021 1598 4042 ......

400 4071 443 4156 [et
457 4093 539 4138 onoc
552 4075 642 4156 repat
659 4072 757 4156 Rupis
771 4073 928 4138 Edworch'
944 4075 1048 4138 Primi
1062 4075 1158 4158 mia]

174 4191 328 4254 homagium.
442 4177 694 4244 Memorandum
719 4178 807 4263 quod
836 4198 911 4246 cum
934 4179 1087 4245 dominus
1111 4181 1268 4248 Ricardus
1291 4183 1391 4248 abbas
1407 4183 1600 4268 exegisseta
