3812 5030
413 586 455 643 46
740 592 956 640 onnosroou
975 589 1302 636 varnonunonnsrr.

413 761 519 816 tecam
534 748 575 813 de
591 744 792 824 Kerketona,
808 743 886 808 dicit
907 742 995 828 quod
1009 742 1081 827 ipse
1096 751 1131 808 et
1149 762 1264 807 omnes
1281 740 1431 806 homines
1447 741 1509 822 sui,
1523 751 1619 824 terre,

413 853 509 919 feoda
520 849 694 928 dominica,
703 857 737 913 et
746 846 890 914 dominia
901 868 959 912 sua
970 857 1048 911 sunt
1056 847 1157 911 libera
1167 857 1202 911 et
1213 846 1322 932 quieta
1331 845 1372 909 ab
1383 847 1474 911 omni
1487 848 1618 929 (scotto)

415 967 476 1024 etc.
493 965 527 1021 et
540 954 581 1019 ab
596 952 750 1018 omnibus
766 950 891 1030 schiris,
910 949 1101 1030 hundredis,
1127 959 1161 1014 et
1175 950 1272 1015 sectis
1297 949 1473 1015 schitarum
1488 961 1522 1016 et
1534 951 1620 1014 hun·

416 1058 603 1136 dredorum,
627 1053 854 1131 comitatuum,
880 1062 1138 1138 wapentacerum
1161 1063 1195 1118 et
1219 1053 1462 1138 trithingorum,
1490 1053 1619 1139 placitis

416 1171 451 1227 et
465 1159 615 1246 querelis,
630 1179 689 1243 per
711 1166 833 1221 cartam
857 1155 982 1219 domini
1006 1155 1143 1220 Henrici
1168 1156 1263 1240 regis,
1278 1155 1379 1241 patris
1398 1155 1522 1220 domini
1536 1157 1619 1242 regis

416 1285 516 1342 nunc,
542 1283 640 1348 quam
663 1260 799 1346 profert,
826 1267 947 1342 etque
973 1257 1037 1322 hoc
1062 1257 1149 1321 idem
1175 1265 1325 1323 testatur.
1378 1259 1503 1323 Datum
1532 1259 1619 1344 apud

417 1363 748 1430 westmonasterium
769 1382 833 1426 nv.
860 1359 912 1424 die
941 1359 1032 1438 Mai,
1058 1379 1144 1424 anno
1169 1359 1260 1444 regni
1286 1359 1338 1424 sui
1363 1359 1468 1424 ,1ἱὶἰίῒοο
1510 1360 1557 1425 Et
1580 1383 1619 1426 eo

418 1477 559 1534 warento
571 1466 651 1530 dicit
664 1463 753 1549 quod
761 1462 898 1548 predicti
911 1461 1023 1526 villani
1038 1471 1115 1526 sunt
1129 1461 1230 1545 quieti
1242 1462 1282 1526 de
1297 1462 1441 1547 predicta
1452 1471 1549 1542 secta,
1558 1473 1619 1526 etc.

462 1572 510 1637 Et
538 1569 660 1657 quoad
689 1566 825 1632 liberam
847 1585 1032 1630 warennam
1047 1564 1082 1628 in
1112 1563 1256 1644 Scotere,
1279 1564 1358 1630 dicit
1387 1565 1474 1651 quod
1504 1565 1622 1631 clamat

418 1695 489 1739 eam
512 1695 571 1760 per
593 1679 713 1736 cartam
735 1668 775 1733 de
790 1687 941 1734 warenna
963 1665 1111 1751 superius
1135 1667 1347 1747 nominatam,
1363 1690 1426 1754 que
1447 1670 1511 1734 hoc
1531 1652 1619 1734 idern

418 1787 568 1842 testatur.

463 1880 510 1944 Et
535 1899 600 1963 quo
626 1875 668 1940 ad
689 1873 809 1960 placita
834 1871 934 1936 namii
957 1869 1052 1936 vetiti
1077 1879 1111 1935 et
1135 1881 1303 1937 returnum
1325 1872 1473 1939 brevium
1497 1875 1621 1940 domini

419 1982 504 2066 regis
518 1979 652 2057 ibidem,
667 1977 746 2041 dicit
761 1975 848 2061 quod
863 1975 982 2038 clamat
995 1995 1049 2038 eas
1065 1993 1124 2057 per
1137 1973 1317 2058 predictam
1332 1984 1454 2040 cartam
1469 1976 1510 2040 de
1524 1976 1620 2043 liber-

420 2082 543 2148 tatibus
560 2080 622 2146 sibi
637 2079 811 2158 concessis,
826 2087 889 2142 etc.

464 2186 511 2250 Et
525 2205 590 2270 quo
605 2182 647 2246 ad
662 2181 817 2246 emendas
832 2178 934 2244 assiae
948 2177 1043 2265 panis
1058 2188 1093 2244 et
1114 2180 1249 2246 cervisie
1271 2181 1371 2247 fracte
1393 2181 1526 2263 ibidem,
1541 2184 1621 2249 dicit

420 2288 509 2376 quod
534 2287 652 2352 clamat
678 2307 732 2350 eas
758 2305 798 2349 eo
823 2290 967 2348 warento
993 2280 1082 2366 quod
1105 2280 1205 2347 habet
1238 2282 1361 2349 ibidem
1386 2295 1564 2351 mercatum
1587 2297 1621 2354 et

419 2390 533 2455 feriam
559 2398 593 2452 et
612 2409 651 2452 ea
672 2407 736 2472 que
762 2385 803 2449 ad
828 2393 1007 2449 mercatum
1030 2393 1065 2450 et
1088 2385 1203 2450 feriam
1227 2387 1404 2471 pertinent,
1418 2397 1453 2452 et
1474 2389 1538 2454 hoc
1562 2413 1621 2476 per

419 2502 543 2557 cartam
554 2489 679 2556 domini
695 2487 832 2554 Henrici
842 2486 927 2571 regis
941 2486 1053 2571 patris,
1063 2487 1163 2571 patris
1176 2488 1299 2554 domini
1314 2490 1399 2576 regis
1413 2513 1511 2573 nunc,
1523 2515 1621 2579 quam

419 2595 554 2680 profert,
569 2601 680 2677 etque
695 2598 834 2654 testatur
849 2588 938 2674 quod
952 2587 1039 2652 idem
1056 2587 1219 2654 Henricus
1234 2613 1292 2656 rex
1306 2593 1468 2658 concessit
1482 2604 1516 2660 et
1534 2605 1621 2661 cana

420 2719 481 2760 sua
500 2693 705 2759 confirmavit
719 2691 829 2756 abbati
851 2699 885 2755 et
907 2689 1083 2754 conventui
1098 2690 1139 2756 de
1161 2691 1273 2778 Burgo
1289 2695 1393 2760 sancti
1420 2697 1508 2762 Petri
1533 2699 1621 2784 quod

420 2797 485 2883 ipsi
501 2805 535 2860 et
550 2816 663 2859 omnes
679 2815 883 2859 successores
899 2792 950 2856 sui
969 2791 1111 2856 habeant
1131 2791 1166 2856 in
1190 2805 1385 2880 perpetuum
1408 2819 1510 2862 unum
1537 2821 1621 2864 mer.

421 2909 531 2965 catum
557 2897 645 2983 apud
670 2895 850 2962 manerium
874 2916 970 2959 suum
986 2895 1027 2959 de
1050 2893 1182 2961 Saotero
1197 2898 1341 2982 qualibet
1362 2901 1543 2985 septimana
1563 2923 1622 2986 per

422 3005 509 3069 diem
524 3001 693 3081 Mercurii,
708 3008 742 3064 et
756 2998 867 3064 feriam
883 2997 1004 3062 ibidem
1021 2997 1156 3082 singulis
1179 3001 1273 3065 annis
1288 3024 1347 3088 per
1361 3013 1427 3068 tres
1442 3004 1511 3069 dies
1527 3004 1622 3069 dura·

422 3117 540 3186 turam,
551 3105 713 3182 videlicet,
722 3103 757 3167 in
771 3101 891 3187 vigilia,
901 3100 964 3182 die,
973 3102 1050 3165 etin
1060 3101 1202 3166 crastino
1214 3103 1290 3167 festi
1301 3105 1523 3190 apostolorum
1533 3106 1621 3171 Petri

422 3219 456 3274 et
471 3209 564 3273 Pauli
578 3217 640 3273 etc.
686 3207 732 3271 Et
747 3227 812 3291 quo
828 3204 869 3268 ad
883 3205 1001 3282 furcas,
1017 3203 1097 3267 dicit
1111 3205 1198 3287 quod
1213 3205 1414 3271 clematidas
1437 3207 1559 3273 ibidem
1582 3231 1621 3274 eo

422 3311 511 3395 quod
525 3311 626 3374 habet
646 3309 692 3374 ibi
714 3306 940 3392 infangenthef
963 3314 996 3369 et
1019 3305 1250 3391 utfanganthef
1271 3329 1330 3392 per
1353 3319 1475 3375 cartam
1498 3309 1622 3374 domini

425 3410 561 3475 Henrici
575 3410 659 3494 regis
675 3409 855 3494 predictam
870 3417 932 3472 etc.

467 3511 514 3575 Et
529 3533 593 3596 quo
609 3511 650 3574 ad
664 3511 771 3574 visum
791 3510 893 3576 franci
908 3508 1017 3594 plegii,
1032 3508 1151 3592 placita
1165 3509 1205 3574 de
1220 3511 1329 3576 namio
1353 3512 1467 3592 vetito,
1492 3522 1623 3578 returns

424 3612 571 3677 brevium
587 3612 710 3676 domini
725 3611 820 3696 regis,
836 3620 997 3674 extractas
1019 3610 1197 3675 eorundem
1220 3612 1260 3676 ad
1276 3611 1386 3678 debita
1400 3612 1524 3678 domini
1538 3615 1622 3700 regis

424 3713 561 3778 levanda
584 3723 618 3778 et
643 3714 684 3778 de
708 3714 830 3778 eisdem
857 3711 1123 3798 respondendum
1148 3733 1205 3797 per
1228 3735 1344 3778 manus
1371 3737 1446 3780 suas
1475 3717 1623 3801 proprias

424 3817 466 3879 ad
492 3815 685 3880 scaccarium
702 3814 826 3880 domini
841 3814 937 3899 regis,
953 3813 1201 3878 amerciamenta
1220 3815 1392 3880 hominum
1411 3839 1623 3903 suorumque

425 3940 465 3983 ex
481 3918 612 3982 murdro
628 3927 662 3982 et
679 3916 833 3982 omnibus
856 3916 928 3981 aliis
950 3914 1264 4001 transgressionibus
1287 3919 1495 4004 proveniunt,
1510 3921 1624 3986 catalla

424 4018 1623 4106 felonum,fugitivorum,dampnatorumetsuspcnsorummcquietanciam
