3938 5022
689 635 902 685 cunculcort
921 639 1247 686 Peteonueonrtsn.
1530 627 1572 686 69

366 790 421 855 sui
436 811 636 869 communes,
651 801 685 855 et
699 792 786 877 quod
802 791 909 856 nullus
924 813 1035 857 eorum
1050 793 1112 858 fuit
1127 793 1222 857 alicui
1236 792 1452 878 aproprictus,
1464 803 1497 858 et
1508 794 1571 860 hoc

370 903 498 978 ponunt
512 915 548 958 ee
562 915 660 979 super
673 895 821 978 patriam,
836 905 870 959 et
883 895 984 960 abbas
996 907 1030 960 et
1040 895 1094 982 clii
1106 896 1264 961 similiter.
1287 895 1369 961 Ideo
1380 905 1570 982 preceptum

370 997 432 1062 fuit
445 998 649 1082 (vicecomiti)
667 999 755 1084 quod
763 999 874 1064 venire
884 999 1075 1086 iacietcpud
1086 1000 1261 1086 Sallopicm
1273 1001 1314 1064 ad
1329 1002 1490 1086 prefatum
1506 1011 1570 1066 ter-

369 1101 505 1181 minum,
515 1101 666 1167 videlicet
676 1111 787 1167 sancte
796 1101 1168 1187 'lbinitatis‚xii.eto.per
1178 1124 1261 1188 quoe
1272 1112 1334 1168 etc.
1346 1103 1387 1168 cd
1399 1126 1571 1190 recognos-

369 1203 508 1270 cendum
522 1227 597 1270 cum
612 1206 718 1271 forme
732 1205 888 1292 predicte,
903 1205 959 1292 qui
974 1215 1041 1271 tam
1064 1215 1127 1271 eto.
1142 1215 1177 1270 et
1194 1206 1291 1270 datus
1313 1216 1364 1272 est
1382 1207 1431 1272 eis
1446 1207 1516 1274 dies
1535 1209 1569 1272 in

366 1307 508 1374 crastino
522 1306 628 1373 sancti
642 1307 779 1372 Martini
793 1308 881 1392 apud
895 1308 1078 1393 Selopicm3
1101 1317 1135 1372 et
1149 1317 1228 1373 tunc
1246 1309 1382 1394 ponitur
1401 1311 1510 1395 jurata
1535 1312 1568 1376 in

368 1420 517 1496 respectu
530 1432 635 1496 usque
649 1433 668 1474 c
682 1411 735 1476 die
751 1410 876 1475 Paschc
894 1411 929 1474 in
944 1420 1010 1474 tres
1033 1409 1231 1494 septimanae
1251 1432 1311 1495 pro
1333 1411 1462 1479 defectu
1480 1415 1569 1499 jure-

368 1523 486 1577 torum.
529 1513 581 1577 Ad
597 1533 694 1597 quem
710 1511 796 1577 diem
807 1534 920 1578 omnes
935 1513 1068 1576 fuerunt
1082 1511 1291 1590 essonicti,et
1301 1512 1401 1578 obbas
1411 1516 1501 1580 venit
1511 1539 1569 1601 per

367 1625 567 1680 attornctum
582 1638 690 1695 suum,
702 1627 735 1680 et
749 1615 865 1681 habuit
876 1615 961 1680 diem
976 1615 1011 1678 in
1037 1613 1179 1679 crastino
1199 1613 1405 1695 Animorum,
1424 1617 1489 1681 nisi
1507 1619 1569 1684 Jo-

366 1720 491 1784 hannes
503 1719 543 1784 de
552 1718 757 1785 Luvetotvel
765 1718 949 1784 Willelmus
960 1718 1001 1782 de
1012 1718 1216 1801 Bromptone
1225 1716 1317 1803 prius
1328 1718 1369 1782 cd
1380 1721 1568 1803 portesillos

366 1823 525 1903 venerint,
539 1845 599 1909 pro
615 1823 743 1888 defectu
753 1823 948 1908 juratorum,
957 1821 1033 1906 quia
1046 1820 1157 1884 nullus
1167 1817 1269 1887 venit.
1299 1821 1354 1886 Ad
1368 1844 1465 1908 quem
1481 1825 1566 1890 diem

366 1949 480 1993 omnes
495 1927 631 2012 predicti
645 1937 679 1992 ct
700 1926 797 2012 plegii
821 1947 933 1990 eorum
948 1924 982 1988 in
1007 1923 1237 2005 misericordie,
1253 1924 1328 2010 quia
1353 1948 1421 1991 non
1434 1927 1568 1995 fuerunt

365 2031 541 2118 prosecuti,
560 2040 594 2096 et
621 2029 721 2095 abbas
750 2031 826 2095 inde
857 2029 927 2094 sine
957 2027 1011 2092 die
1038 2027 1184 2107 recessit,
1206 2037 1243 2094 et
1271 2028 1372 2094 hebet
1393 2039 1566 2098 retumum

364 2135 557 2200 pretiorum.
587 2134 705 2200 Cetera
719 2132 828 2200 omnic
838 2132 1020 2218 predictum
1033 2130 1191 2218 placitum
1206 2131 1376 2218 tongencic
1390 2144 1567 2219 querentur

363 2235 398 2300 in
408 2235 491 2301 libro
502 2235 706 2321 placitorum.

140 2349 206 2410 (sot.
217 2351 292 2400 xcvii.
302 2349 350 2416 ν.)
406 2338 506 2418 [Hoc
520 2361 606 2404 anno
621 2337 830 2404 terminatum
846 2346 898 2402 eet
911 2337 1067 2422 placitum
1081 2335 1168 2400 inter
1181 2333 1350 2400 dominum
1365 2335 1516 2404 abbatem
1532 2351 1567 2406 et

363 2443 386 2508 J
388 2441 552 2507 ohannem
567 2441 607 2506 dc
621 2440 698 2521 Ver,
713 2441 806 2526 cujus
821 2461 994 2525 processus
1009 2436 1216 2503 subnotatur.

141 2551 325 2628 Nprlumtonie·
406 2545 519 2611 Abbas
534 2545 575 2610 de
591 2544 701 2628 Burgo
717 2543 821 2609 sancti
832 2544 921 2608 Petri
932 2553 966 2608 et
975 2541 1162 2608 Willelmue
1185 2541 1226 2606 de
1241 2541 1358 2608 enne
1373 2547 1565 2612 summoniti

363 2652 495 2715 fuerunt
509 2649 551 2713 cd
565 2645 829 2733 respondendum
843 2647 866 2712 J
868 2646 990 2711 ohanni
1004 2646 1046 2712 de
1060 2646 1128 2710 Ver
1142 2646 1183 2711 de
1206 2645 1326 2729 placito
1346 2669 1444 2733 quere
1469 2671 1564 2736 oepe-

363 2760 442 2815 runt
452 2750 558 2816 averia
572 2750 848 2836 ipsiueJohonnis
863 2758 897 2813 et
907 2771 945 2814 ee
955 2749 1078 2834 injuste
1087 2747 1299 2812 detinuerunt
1307 2757 1421 2813 contra
1430 2751 1562 2818 vadium

364 2865 426 2920 cto.
441 2865 476 2920 et
489 2854 577 2920 unde
593 2853 738 2940 queritur
753 2852 841 2938 quod
859 2851 1025 2939 predictus
1040 2850 1140 2916 ebbae
1155 2851 1207 2915 die
1222 2850 1246 2916 J
1247 2850 1317 2916 ovis
1331 2851 1366 2916 in
1382 2854 1564 2938 septimane

364 2957 585 3036 Pentecosten,
606 2977 693 3021 anno
718 2955 808 3040 regni
820 2955 917 3040 Regis
937 2975 1026 3019 nune
1039 2953 1122 3018 viiio.
1138 2951 1225 3037 cepit
1249 2962 1284 3017 et
1308 2974 1366 3037 per
1380 2955 1561 3038 predictum

364 3058 567 3124 Willelmum
578 3059 774 3145 ceperefecit
785 3067 851 3122 tres
860 3056 961 3123 boves
971 3054 1075 3141 ipsius
1084 3053 1107 3118 J
1108 3053 1247 3118 ohannis
1256 3055 1522 3141 epudTwywille,
1527 3059 1561 3122 in

363 3161 505 3246 quodam
519 3161 591 3227 loco
605 3162 661 3246 qui
675 3170 811 3226 vocetur
826 3159 940 3236 Holm,
960 3168 995 3222 et
1015 3156 1089 3220 illos
1111 3154 1235 3238 fugavit
1248 3165 1283 3219 ct
1307 3177 1366 3239 per
1379 3157 1561 3241 predictum

362 3261 566 3327 willelmum
574 3264 684 3349 fogere
693 3263 771 3328 fecit
784 3261 825 3326 ed
840 3281 972 3346 parcum
988 3278 1085 3321 suum
1107 3256 1148 3320 de
1160 3253 1370 3342 lrtlingburg,
1381 3267 1414 3322 et
1428 3259 1560 3326 eosdem

362 3365 503 3432 detinuit
517 3375 628 3432 contre
642 3367 775 3432 redium
789 3374 851 3430 etc.
866 3382 1012 3449 quosque
1028 3358 1196 3424 deliberati
1209 3359 1342 3424 fuerunt
1355 3383 1414 3446 per
1427 3383 1559 3450 precep-

362 3483 434 3536 tum
459 3471 584 3538 domini
599 3471 708 3558 Regis.
753 3468 852 3536 Unde
878 3464 1069 3551 dicitquod
1092 3463 1307 3528 deterioratos
1330 3475 1383 3530 est
1403 3475 1438 3532 et
1462 3467 1562 3535 hebet

362 3575 539 3661 dampnum
555 3575 596 3640 cd
610 3575 788 3641 valenoium
803 3596 831 3639 c.
847 3571 1035 3648 solidorum,
1050 3575 1085 3633 et
1097 3567 1174 3632 inde
1188 3567 1340 3651 producit
1353 3579 1488 3651 sectam,
1498 3581 1561 3638 eto.

250 3703 281 3751 η),
404 3679 452 3744 Et
464 3679 602 3766 predicti
631 3677 732 3743 abbas
755 3688 790 3743 et
803 3675 989 3742 Wilielmus
1011 3671 1151 3737 veniunt
1172 3680 1207 3736 et
1232 3671 1414 3738 defendunt
1437 3674 1504 3740 vim
1527 3685 1562 3742 et

362 3782 523 3869 injuriam.
561 3781 703 3850 Quando
717 3790 780 3846 etc.
816 3779 863 3844 Et
876 3772 1153 3864 predictuecbbce
1167 3793 1227 3858 pro
1243 3795 1278 3838 se
1293 3783 1327 3840 et
1340 3796 1400 3860 pro
1414 3775 1560 3860 predicto

362 3883 528 3951 Willelmo
542 3884 626 3951 bene
640 3884 793 3970 cognovit
807 3883 895 3969 quod
909 3880 996 3966 cepit
1017 3877 1103 3943 dictu
1121 3875 1229 3942 averia
1239 3885 1273 3940 et
1282 3877 1381 3962 juste,
1393 3877 1468 3965 quia
1482 3879 1562 3944 dicit

362 3989 450 4075 quod
471 3989 542 4076 ipse
555 3990 655 4056 habet
668 3999 836 4055 rotumum
844 3985 992 4052 brevium
1003 3979 1128 4046 domini
1145 3977 1243 4065 Regis
1257 3980 1291 4046 in
1303 3983 1449 4067 predicto
1460 3983 1560 4050 comi-

361 4103 432 4162 tatu
441 4091 689 4173 Norhcmtonie,
697 4102 732 4158 et
740 4090 827 4177 quod
836 4088 974 4155 ballivus
984 4105 1063 4150 suus
1071 4081 1232 4148 hundredi
1242 4083 1516 4162 deHoukeslcwe,
1525 4083 1559 4148 in

361 4219 425 4286 quo
441 4195 586 4284 predicto
600 4197 706 4262 averia
720 4203 814 4280 capto
833 4194 976 4270 fuerunt,
991 4185 1077 4272 oepit
1092 4184 1125 4248 in
1140 4194 1294 4270 precepto
1318 4207 1374 4270 per
1389 4184 1560 4250 vicecomi-
