3812 5030
105 3089 269 3136 M⁰o⁰c⁰lxvii⁰·

592 653 806 698 onaorncon
825 653 1150 698 earnoauaoansn.
1437 637 1476 694 19

271 803 401 868 vocavit
429 823 560 868 omnem
599 805 741 884 clerum;
778 815 811 869 et
837 805 990 869 dominus
1020 827 1077 870 rex
1110 827 1150 870 ex
1177 806 1247 890 ejus
1272 805 1477 870 ordinacione

272 927 402 970 omnem
417 905 595 990 populum3
620 907 776 993 eligentes
792 929 832 972 ex
848 908 933 973 clero
948 918 982 972 et
1005 909 1127 994 populo
1143 909 1198 972 xii.
1214 908 1300 973 viros
1320 909 1476 972 discretos

273 1018 306 1073 et
328 1018 479 1094 potentes
494 1010 550 1094 qui
577 1011 617 1074 de
640 1010 872 1076 reformaoione
898 1011 987 1097 pacis
1014 1011 1099 1076 inter
1122 1011 1289 1076 dominum
1315 1033 1421 1096 regem
1445 1019 1479 1073 et

273 1112 485 1177 exheredatos
514 1122 699 1194 tractarent,
733 1116 1035 1200 compromittentes
1065 1114 1262 1178 unanimiter
1294 1125 1331 1178 ut
1365 1135 1476 1178 eorum

274 1215 396 1280 dictum
426 1215 541 1280 stabile
570 1228 784 1301 permaneret.
839 1217 906 1283 Qui
932 1218 1105 1304 quamdam
1136 1218 1272 1282 formam
1303 1239 1400 1302 super
1428 1237 1477 1280 re-

274 1317 466 1403 dempcione
488 1328 646 1384 terrarum
664 1341 795 1384 suarum
818 1320 852 1383 in
879 1321 1008 1406 scriptis
1031 1321 1191 1386 redactam
1219 1320 1477 1405 publicaverunt.

275 1421 516 1508 interrogantes
531 1423 744 1487 exheredatos
760 1423 787 1487 si
803 1425 905 1508 parati
920 1433 1030 1488 essent
1046 1445 1117 1488 eam
1144 1423 1325 1488 observare.
1369 1423 1477 1489 Quam

275 1524 406 1608 quidam
436 1546 549 1588 eorum
589 1524 792 1602 recusabant,
831 1525 963 1608 quidam
994 1526 1086 1610 quasi
1126 1525 1229 1589 coacti
1263 1525 1478 1589 admittebant

275 1626 428 1689 timentes
445 1647 487 1689 ne
502 1625 643 1689 deterius
667 1625 879 1708 contingeret,
894 1626 973 1709 ipsis
988 1647 1066 1690 vero
1086 1627 1119 1690 in
1141 1627 1246 1690 insula
1260 1628 1391 1712 penitus
1406 1649 1478 1691 eam

277 1738 356 1792 tunc
367 1726 602 1791 recusantibus.
647 1727 889 1793 Resistcntibus
905 1727 967 1792 sibi
981 1728 1044 1792 illis
1056 1729 1090 1793 in
1106 1738 1211 1794 castro
1228 1740 1261 1794 et
1284 1741 1350 1793 tam
1373 1730 1477 1794 valide

279 1851 314 1895 se
344 1828 606 1908 defendentibus,
631 1832 766 1894 miratus
790 1840 841 1894 est
869 1831 976 1895 omnis
1005 1832 1158 1918 populus,
1184 1843 1218 1896 et
1243 1833 1396 1898 dominus
1422 1853 1479 1897 rex

278 1933 398 1997 ductus
415 1931 536 2017 pietate
558 1952 656 2016 super
677 1931 838 2017 probitate
861 1955 974 1998 eorum
1000 1944 1034 1999 et
1055 1944 1122 1999 tam
1140 1933 1266 1999 diutina
1291 1935 1479 2000 defensione

278 2035 400 2120 recepit
423 2057 479 2099 eos
502 2033 535 2098 in
561 2056 640 2119 pace
664 2057 733 2114 sua,
755 2044 789 2100 et
812 2037 973 2100 concessit
997 2037 1044 2100 eis
1070 2047 1170 2102 terras
1187 2059 1320 2118 eorum3
1347 2049 1381 2102 et
1407 2039 1479 2103 red-

278 2139 433 2203 diderunt
458 2147 599 2202 castrum
625 2137 659 2201 in
686 2137 850 2222 quindena
883 2147 958 2202 ante
984 2138 1090 2204 natale
1116 2139 1261 2203 Domini.
1315 2139 1478 2204 Dominus

279 2243 421 2327 Legatos
441 2241 671 2305 nichilominus
683 2241 1031 2304 excommunicacionis
1043 2241 1237 2304 sententiam
1253 2241 1287 2304 in
1299 2240 1479 2321 Wintonie,

278 2345 457 2431 Wigomie,
473 2343 729 2422 Londoniarum,
753 2341 933 2419 Lincolnie,
949 2342 1077 2405 Exonie
1098 2343 1270 2428 episcopos
1285 2343 1480 2422 fulminavit,

279 2448 390 2514 dicens
413 2448 503 2532 ipsos
525 2467 596 2510 esse
619 2446 762 2509 fautores
779 2444 918 2509 Comitis
933 2465 973 2509 eo
988 2444 1076 2528 quod
1091 2465 1158 2508 non
1182 2445 1336 2509 mandato
1358 2445 1481 2510 domini

280 2573 363 2638 pape
377 2551 412 2614 in
427 2548 622 2613 execucionc
637 2547 799 2611 sententis
820 2547 885 2612 late
901 2567 999 2631 super
1011 2546 1175 2614 Comitem
1198 2557 1231 2613 et
1245 2549 1388 2613 fautores
1404 2569 1481 2612 suos

280 2653 455 2738 pauserint.
509 2651 576 2718 Qui
601 2650 642 2713 ad
673 2650 783 2714 sedem
817 2648 1028 2734 apostolicam
1054 2649 1262 2735 appellantes,
1280 2649 1411 2735 qnidam
1440 2652 1481 2716 ad

281 2757 402 2822 curiam
424 2754 587 2833 obierunt,
602 2753 732 2839 quidam
756 2763 831 2838 post
857 2753 979 2816 multos
1005 2751 1131 2817 labores
1146 2753 1200 2816 vix
1226 2754 1361 2838 gratiam
1386 2754 1482 2820 abso-

281 2859 415 2925 lutionis
430 2859 650 2943 optinuerunt.
695 2857 860 2921 Waltarus
876 2856 916 2920 de
928 2855 1111 2941 Cantelupo
1126 2857 1298 2942 episcopus
1314 2857 1481 2942 Wigomie

282 2953 386 3027 obiit.

327 3065 403 3127 Hoc
425 3083 511 3126 anno
533 3063 616 3126 circa
630 3062 751 3126 festum
774 3071 883 3125 sancte
907 3061 1090 3144 Margarete
1111 3062 1236 3125 reddita
1256 3072 1306 3125 est
1320 3062 1426 3124 insula
1441 3063 1481 3126 de

283 3166 336 3230 Eli
353 3165 485 3230 domino
501 3164 662 3228 Eduardo
689 3164 758 3227 sine
778 3163 884 3246 aliquo
905 3163 1070 3240 conflictu,
1085 3183 1149 3246 qua
1163 3163 1204 3226 de
1219 3185 1316 3226 causa
1331 3164 1482 3227 dominus

283 3267 463 3333 Edwardos
501 3287 560 3351 pro
597 3287 710 3330 eorum
747 3264 1011 3329 reconciliacione
1041 3283 1142 3348 penes
1175 3264 1344 3328 dominum
1374 3285 1481 3350 regem

282 3372 422 3436 multum
448 3391 483 3434 se
506 3369 694 3433 intromisit.
739 3367 902 3433 Dominus
923 3387 980 3432 rex
999 3367 1184 3452 impetravit
1207 3369 1376 3433 adomino
1399 3391 1483 3455 papa

283 3476 324 3540 ad
339 3473 572 3539 relevacionem
588 3481 693 3537 status
718 3471 769 3536 sui
784 3471 940 3536 decimam
961 3470 1109 3536 omnium
1133 3470 1293 3536 bonorum
1317 3473 1480 3537 ecclesias-

284 3579 422 3645 ticorum
437 3597 495 3663 per
509 3586 576 3641 tres
591 3598 694 3640 annos
710 3575 864 3641 continue
879 3585 1060 3661 sequentes.

329 3683 404 3746 Hoc
418 3703 504 3746 anno
519 3703 538 3745 a
552 3690 623 3745 toto
638 3680 722 3744 clero
737 3701 891 3744 concessa
904 3678 1146 3763 quadragesima
1160 3679 1305 3743 omnium
1321 3679 1481 3743 bonorum

285 3783 574 3849 ecclesiasticorum
603 3783 638 3846 in
669 3781 851 3846 subsidium
885 3790 918 3845 et
947 3779 1181 3844 relevacionem
1204 3780 1482 3845 exheredatorum.

287 3887 361 3952 Hoc
375 3909 461 3950 anno
487 3887 570 3951 circa
591 3887 710 3949 festum
733 3894 844 3949 sancte
872 3883 1053 3968 Margarete
1068 3882 1221 3947 dominus
1244 3883 1385 3968 Legatos
1401 3885 1483 3950 cele-

285 3991 378 4053 brato
393 3989 528 4054 concilio
543 3989 736 4067 Londoniis,
751 3997 785 4051 et
799 3985 991 4072 quibusdam
1012 3985 1304 4052 constitucionibus
1315 3987 1350 4050 in
1362 3987 1482 4070 scripto

285 4090 423 4155 redactis
438 4099 472 4153 et
486 4090 614 4174 publice
629 4089 790 4175 perlectis,
806 4087 985 4151 valedicens
1000 4087 1155 4152 remeavit
1169 4087 1209 4151 ad
1226 4087 1364 4173 propria.
1408 4088 1483 4152 Hoc

285 4215 371 4257 anno
387 4192 539 4257 dominus
556 4192 714 4256 Ricardus
742 4189 981 4255 Lincolniensis
1005 4189 1176 4274 episcopus
1201 4190 1234 4254 in
1251 4190 1358 4276 vigilia
1374 4201 1483 4254 sancte
