3812 5030
593 637 806 683 caaouroon
825 639 1150 684 Parnonuseussu.
1433 629 1475 699 37

276 801 328 858 est
350 791 492 871 detenta,
507 811 571 876 qua
593 789 722 854 racione
747 790 909 875 ignorant.
962 791 1089 856 Dicunt
1114 791 1212 856 etiam
1235 793 1322 878 quod
1346 796 1477 879 quando

276 895 420 981 predicte
442 893 551 980 regina
567 892 643 958 ‚xiii
659 893 772 958 damus
795 914 834 958 ex
852 893 1062 960 concessione
1077 894 1201 959 domini
1224 895 1308 980 regis
1334 897 1421 980 cepit
1442 897 1477 961 in

277 997 373 1062 landa
388 997 427 1061 de
443 996 613 1062 Benifelde
636 997 719 1061 inira
732 995 884 1061 balliram
898 997 938 1061 de
954 996 1171 1083 Rekingham‚
1186 1021 1272 1064 anno
1287 1000 1378 1085 regni
1394 1001 1478 1086 regis

277 1100 431 1164 Edwardi
458 1101 531 1164 vito,
568 1122 668 1164 unum
700 1100 832 1164 damum
862 1099 995 1164 nomine
1024 1098 1148 1167 decime
1177 1110 1268 1165 extra
1304 1101 1477 1166 lardarium

278 1224 373 1266 suum
396 1202 436 1266 de
454 1201 553 1267 Cleve
578 1201 724 1287 predicto
751 1201 888 1267 Ricardo
913 1202 954 1267 de
978 1202 1160 1268 Londoniis
1183 1202 1293 1268 abbati
1318 1203 1381 1268 loci
1406 1225 1479 1290 pre·

278 1305 353 1370 dieti
371 1305 469 1370 dedit
516 1305 557 1370 ln
572 1305 665 1390 cujus
691 1304 738 1369 rei
760 1304 985 1370 testimouium
1007 1305 1108 1390 jurati
1132 1305 1269 1392 predicti
1293 1306 1397 1392 sigilla
1421 1329 1480 1372 rua

278 1407 421 1492 presenti
435 1417 660 1492 apposuerunt
673 1405 891 1490 inquisicioni.

322 1510 449 1574 Eodem
465 1509 528 1574 die.
562 1510 667 1574 Adam
684 1509 725 1574 de
741 1509 888 1588 Camera,
904 1518 938 1573 et
952 1509 1122 1573 Johannea
1136 1509 1168 1574 le
1181 1508 1307 1588 Waler,
1321 1510 1480 1575 forestarii

279 1610 320 1674 de
343 1609 482 1684 Sulcato,
498 1609 662 1674 Rubertus
687 1609 728 1673 de
741 1608 941 1687 Tinchewilr,
960 1609 1105 1673 Thomas
1129 1607 1298 1672 Mimekan
1321 1609 1480 1674 forestarii

279 1713 320 1776 de
336 1711 540 1792 Witlewode,
557 1713 656 1797 Hugo
671 1711 757 1776 filius
778 1713 943 1799 Symonis,
957 1712 1123 1778 Walterus
1139 1712 1268 1777 Mantel
1281 1713 1424 1778 viridarii
1440 1715 1480 1780 de

281 1815 419 1893 Salcet0‚
435 1813 586 1879 dominus
603 1815 766 1881 Robertus
777 1815 1090 1896 Mantel‚Walterus
1102 1815 1143 1880 dc
1159 1815 1480 1895 Forhou,Johannes

281 1917 436 2004 Wobyon
466 1926 500 1982 ct
529 1917 687 1983 Ricardus
719 1919 759 1982 de
789 1919 981 1984 Wodehalle
1009 1917 1152 1984 viridarii
1195 1920 1237 1985 de
1274 1919 1481 2002 Witlcwode,

282 2015 434 2086 dominus
459 2021 629 2086 Johannes
653 2021 683 2085 le
708 2022 793 2100 Lou‚
809 2022 909 2108 Hugo
931 2023 962 2087 le
989 2023 1074 2100 Lou,
1091 2021 1254 2086 Henricus
1270 2022 1310 2086 de
1327 2022 1481 2102 Hulcote‚

281 2123 467 2188 Willelmus
491 2123 577 2188 filius
605 2123 748 2210 Philippi
768 2125 807 2189 de
824 2125 1009 2204 Quentona,
1024 2123 1209 2188 Willelmus
1236 2123 1276 2187 de
1292 2123 1482 2204 Bosenhou‚

281 2227 450 2292 Johannes
471 2226 512 2290 de
539 2227 641 2305 Mers,
666 2226 835 2291 Johannes
859 2227 945 2291 filius
970 2227 1133 2292 Johannis
1157 2226 1197 2291 de
1222 2224 1426 2310 Conesgrave
1449 2237 1483 2292 et

283 2330 449 2395 Galsridus
490 2329 520 2394 le
559 2329 728 2415 Westreys
759 2329 872 2394 dieunt
900 2352 958 2416 per
994 2338 1230 2394 sacramentum
1269 2351 1364 2394 suum
1395 2329 1482 2414 quod

282 2434 415 2498 abbates
445 2434 486 2498 de
516 2433 626 2518 Burgo
650 2432 753 2498 sancti
779 2433 865 2498 Petri
891 2433 998 2518 aliquo
1023 2442 1170 2517 tempore
1194 2431 1318 2516 dequo
1343 2431 1483 2496 recolere

282 2545 460 2621 potuerunt
483 2535 622 2620 aliquam
659 2536 816 2600 decimam
840 2535 1025 2600 venacionis
1051 2535 1085 2598 in
1110 2533 1264 2618 predictis
1289 2531 1415 2597 ballivis
1442 2533 1483 2598 de

284 2638 411 2704 Salceto
426 2648 460 2702 et
474 2638 670 2702 Witlcwode
692 2647 786 2723 capte
812 2660 878 2702 non
905 2647 1130 2722 perceperunt,
1145 2655 1206 2701 nec
1225 2635 1391 2721 percipere
1406 2657 1484 2700 con-

284 2751 468 2806 sueverunt.
514 2741 554 2805 In
579 2741 672 2825 cujus
698 2741 744 2805 rei
770 2741 993 2804 testimonium
1015 2739 1116 2825 jurati
1139 2737 1275 2824 predicti
1301 2737 1404 2822 sigilla
1426 2761 1486 2802 sua

284 2845 427 2931 presenti
442 2853 665 2930 apposuerunt
679 2842 895 2929 inquisicioni.

328 2949 391 3012 Die
417 2948 520 3012 sancti
550 2947 726 3025 Dunstani,
750 2947 901 3031 magister
926 2945 1090 3026 Olirerus,
1105 2945 1226 3010 electus
1252 2943 1419 3008 Lincolnie
1449 2943 1482 3006 in

285 3051 472 3134 episcopum
489 3059 695 3114 consecratus
710 3059 770 3114 est.

330 3151 528 3217 Inrotulaeio
543 3152 584 3216 de
600 3151 785 3237 stangrund
801 3151 888 3236 apud
903 3147 1242 3214 westmonasterium.

89 3283 105 3314 u
149 3283 165 3313 n
184 3267 247 3315 onia·
330 3258 522 3340 Preceptum
547 3255 611 3318 fuit
632 3255 814 3320 vicecomiti
839 3253 927 3338 quod
948 3252 1057 3316 venire
1083 3252 1201 3316 faceret
1224 3271 1332 3314 coram
1356 3250 1485 3336 Rogero

286 3358 443 3443 Luveday
465 3366 499 3422 et
524 3355 669 3421 Roberto
693 3356 734 3420 de
757 3356 926 3420 Ludeham
953 3364 988 3418 et
1013 3352 1166 3418 Johanne
1191 3352 1232 3417 de
1258 3353 1402 3418 Luvetot
1427 3375 1487 3438 per

284 3461 381 3527 breve
397 3458 522 3524 domini
536 3457 620 3542 regis
635 3457 682 3522 eis
696 3457 867 3536 associato,
882 3455 968 3541 apud
985 3455 1267 3534 Huntendoniam‚
1283 3455 1335 3519 die
1351 3454 1486 3522 Sabbati

285 3564 432 3650 proxima
457 3571 535 3647 post
556 3562 675 3626 festum
702 3559 805 3624 sancti
831 3559 918 3624 Petri
942 3559 983 3623 ad
998 3559 1147 3641 Vincula,
1175 3581 1261 3624 anno
1287 3559 1377 3644 regni
1401 3560 1486 3645 regis

284 3690 372 3733 nunc
387 3667 457 3730 vii0.
469 3666 596 3750 juratos
611 3664 711 3728 assiae
737 3683 822 3728 nove
838 3661 1010 3728 disseisinc
1025 3683 1121 3748 quam
1136 3661 1322 3727 Willelmus
1347 3683 1487 3747 persona

285 3771 418 3835 ecclesie
434 3769 474 3833 de
491 3768 678 3853 Stangrund
693 3766 877 3830 arrannavit
897 3787 1004 3831 coram
1028 3766 1149 3832 eisdem
1174 3767 1314 3850 Rogero,
1330 3765 1487 3846 Roberto,

282 3873 469 3959 justiciariis
495 3871 625 3936 adhoc
651 3870 834 3955 assignatis,
859 3891 974 3934 versus
1003 3868 1153 3934 abbatem
1181 3870 1221 3934 de
1248 3869 1358 3954 Burgo
1383 3871 1486 3934 sancti

288 3977 387 4054 Petri,
403 3975 577 4040 Radulfum
594 3974 624 4038 le
640 3974 769 4038 Messer
784 3983 818 4037 et
831 3973 912 4038 alios
935 3973 969 4036 in
996 3973 1087 4039 brevi
1102 3972 1249 4058 originali
1264 3973 1387 4037 domini
1402 3973 1488 4057 regis

287 4087 459 4144 contentos
475 4079 515 4142 de
530 4076 727 4142 tenementis
749 4077 783 4140 in
800 4077 998 4162 stangrund,
1013 4078 1054 4142 ad
1078 4077 1319 4142 certificandum
1345 4077 1487 4162 prefatos

288 4183 463 4266 Rogerum,
480 4179 671 4260 Robertum,
683 4190 716 4245 et
731 4179 916 4244 Johannem
929 4179 969 4244 de
984 4179 1178 4265 quibusdam
1194 4179 1335 4244 articulis
1351 4178 1486 4242 assisam
