3938 5022
662 635 875 681 ennourcos
895 635 1221 681 rurroaunorusu.
1505 617 1544 692 71

344 788 430 852 dicta
451 795 515 852 ete.
537 795 571 850 et
582 799 771 872 preceptum
792 797 843 856 est
858 787 947 854 dicto
966 788 1113 854 Johanni
1139 789 1180 852 dc
1195 788 1273 869 Ver,
1295 787 1383 874 quod
1397 787 1439 851 ad
1461 788 1546 853 diem

343 891 524 976 predictum
551 891 638 974 apud
663 891 995 958 westmonasterium
1024 893 1135 960 veniat
1163 892 1360 958 audiendum
1376 891 1548 977 judicium.

344 994 398 1058 Ad
412 1015 509 1078 quem
525 992 611 1058 diem
625 994 764 1079 predicti
775 995 798 1062 J
800 997 946 1062 ohannes
957 1007 992 1060 et
1005 997 1104 1082 plegii
1121 995 1172 1060 sui
1183 996 1218 1060 in
1229 995 1459 1076 misericordia,
1475 995 1550 1082 quia

345 1119 410 1162 non
437 1098 569 1162 luerunt
582 1099 758 1182 prosecuti,
780 1113 813 1166 et
837 1099 937 1166 abbas
962 1099 1039 1166 inde
1066 1100 1137 1166 sine
1161 1100 1214 1166 die
1236 1100 1371 1166 recessit
1394 1109 1429 1165 et
1450 1099 1550 1165 habet

345 1209 515 1265 returnum
530 1200 723 1268 averiorum.

390 1303 484 1368 Idem
500 1302 670 1370 Johannes
684 1305 716 1370 le
735 1305 803 1371 Ver
816 1306 893 1373 tulit
907 1307 994 1372 aliud
1016 1305 1115 1372 breve
1126 1328 1239 1372 versus
1253 1305 1436 1392 predictum
1451 1304 1549 1370 abba-

346 1415 413 1472 tem
436 1407 476 1472 de
498 1406 618 1492 placito
644 1408 762 1475 iterato
788 1410 952 1495 capcionis
978 1411 1161 1475 averiorum
1190 1409 1295 1494 ipsius
1321 1409 1495 1486 Johannis,
1516 1417 1551 1472 et

346 1509 481 1576 retraxit
502 1531 549 1590 se,
563 1521 599 1575 et
611 1511 686 1576 ideo
700 1512 867 1596 predictus
881 1511 981 1577 abbas
1003 1513 1080 1578 inde
1094 1511 1229 1577 recessit
1244 1513 1315 1575 sine
1329 1511 1393 1590 die,
1418 1521 1453 1574 et
1478 1531 1550 1595 pre-

347 1613 456 1680 dictus
469 1613 492 1679 J
494 1614 639 1678 ohannes
654 1617 689 1679 et
702 1615 800 1700 plegii
815 1615 866 1679 sui
881 1616 922 1681 de
936 1615 1163 1701 prosequendo
1177 1615 1212 1678 in
1226 1613 1456 1679 misericordia.

392 1715 616 1782 Terminatum
642 1727 693 1782 est
721 1717 877 1802 placitum
908 1719 996 1804 quod
1032 1717 1185 1784 movebat
1206 1716 1333 1782 Amicis
1352 1716 1418 1781 'l'ot
1438 1735 1550 1780 versus

349 1818 501 1884 abbatem
517 1818 557 1883 de
570 1819 692 1905 Burgo,
707 1821 801 1904 cujus
815 1841 988 1905 processus
1000 1819 1195 1884 subnotatur
1208 1819 1273 1884 hcc
1287 1817 1385 1882 modo
1396 1841 1450 1880 :-

394 1921 520 1986 Amicis
542 1921 607 1986 Tot
630 1922 714 2006 petit
736 1943 850 1988 versus
875 1923 1051 1987 Ricardum
1066 1923 1106 1987 de
1133 1921 1315 1987 Londoniis
1343 1920 1495 1986 abbatem
1510 1921 1551 1987 de

352 2023 460 2107 Burgo
492 2025 595 2090 sancti
626 2025 713 2090 Petri
743 2026 821 2090 xxii.
847 2047 937 2091 acras
962 2025 1054 2092 bosci
1079 2047 1155 2091 cum
1185 2024 1391 2111 pertiuentiis
1416 2026 1452 2090 in
1475 2025 1551 2091 villa

352 2127 463 2213 Burgi,
478 2137 516 2192 ut
522 2128 578 2213 jus
593 2136 656 2193 etc.
672 2149 730 2214 per
744 2128 843 2194 breve
858 2130 898 2194 de
912 2129 1072 2215 ingressu.

394 2231 441 2296 Et
456 2231 613 2296 Ricardus
632 2230 733 2297 abbas
758 2232 849 2298 venit
864 2243 898 2298 et
911 2234 995 2318 petit
1009 2233 1117 2298 visum
1131 2232 1223 2298 bosci
1237 2231 1385 2317 predicti,
1400 2241 1434 2296 et
1456 2232 1551 2296 datus

273 2339 277 2346 '
350 2344 402 2400 est
415 2335 484 2400 dies
499 2335 533 2402 in
556 2335 697 2402 crastino
706 2336 922 2418 Animarum
948 2339 989 2403 ad
1004 2358 1101 2423 quem
1117 2337 1203 2400 diem
1218 2336 1306 2400 idem
1321 2335 1422 2401 abbas
1437 2336 1552 2400 iterato

352 2439 434 2526 petit
447 2438 566 2518 visum,
581 2460 621 2504 eo
636 2439 724 2524 quod
738 2439 829 2525 prius
844 2461 911 2505 non
925 2439 1052 2520 habuit,
1068 2441 1153 2504 sicut
1162 2438 1348 2504 testificavit
1361 2439 1552 2517 vicecomes,

352 2551 386 2606 et
400 2543 495 2606 datus
507 2550 559 2606 est
573 2540 643 2606 dies
657 2541 743 2606 ultra
764 2563 868 2627 usque
882 2563 902 2606 a
916 2540 968 2606 die
985 2541 1108 2606 Pasche
1123 2541 1157 2604 in
1172 2540 1357 2626 quindecim
1374 2539 1453 2604 dies.
1499 2542 1552 2605 Ad

352 2665 449 2730 quem
464 2643 549 2709 diem
566 2643 710 2728 predicta
731 2644 858 2710 Amicis
879 2643 957 2710 fecit
981 2645 1146 2724 defaltum,
1160 2654 1194 2710 et
1207 2644 1279 2731 ipse
1293 2653 1327 2710 et
1335 2643 1430 2730 plegii
1447 2644 1498 2708 sui
1519 2643 1553 2708 in

352 2747 581 2826 misericordia,
596 2755 630 2812 et
640 2746 740 2812 abbas
755 2748 890 2814 recessit
904 2749 975 2814 sine
989 2749 1053 2814 die.

397 2849 528 2914 Deinde
540 2849 632 2914 venit
645 2849 790 2934 predicte
800 2850 928 2916 Amicis
941 2850 1030 2937 apud
1039 2850 1199 2936 Burgum,
1210 2859 1245 2916 et
1259 2859 1366 2914 totum
1375 2849 1431 2934 jus
1446 2859 1480 2914 et
1490 2850 1555 2914 cle-

353 2953 550 3040 miumquod
559 2951 731 3018 babuitvel
739 2953 846 3038 aliquo
856 2954 955 3019 modo
963 2953 1084 3019 habere
1094 2953 1203 3039 potuit
1213 2954 1247 3017 in
1256 2953 1403 3038 predicto
1414 2952 1554 3017 boscoin

356 3079 455 3122 manu
470 3057 593 3124 domini
609 3055 736 3122 abbatis
751 3079 811 3142 pro
827 3078 862 3122 se
877 3063 912 3122 et
922 3057 1096 3122 heredibus
1119 3057 1187 3122 suis
1202 3057 1388 3142 resignavit,
1403 3065 1436 3120 et
1451 3056 1556 3120 domi-

355 3183 417 3226 nus
426 3161 527 3226 abbas
536 3161 775 3228 cidemAmicie
786 3160 909 3226 intuitu
920 3161 1262 3226 caritatisdeditunam
1271 3179 1412 3224 marcam
1421 3159 1555 3244 argenti.

132 3277 193 3345 (sol.
202 3276 337 3340 sorite.)
399 3265 500 3345 [Hoc
515 3287 601 3330 anno
615 3264 825 3332 terminatum
848 3264 1004 3350 placitum
1020 3263 1061 3330 de
1084 3263 1161 3328 dote
1187 3263 1293 3342 Serre,
1308 3281 1372 3348 que
1393 3261 1456 3326 fuit
1473 3283 1556 3327 uxor

356 3368 519 3434 Johannis
533 3367 592 3432 filii
605 3369 628 3434 J
630 3368 768 3434 ohannis
783 3367 825 3433 de
839 3367 1005 3447 Waltona,
1019 3366 1054 3430 in
1069 3367 1158 3432 hunc
1171 3367 1308 3431 modum
1320 3392 1374 3430 2-

137 3495 212 3541 cmva
222 3491 345 3555 angisus.
400 3471 565 3538 Robertus
580 3472 611 3537 le
625 3469 722 3536 Baud
734 3471 916 3538 vicecomes
928 3467 1249 3536 Norhamtoniescire
1263 3469 1384 3536 ballivo
1398 3469 1556 3535 libertatis

357 3575 630 3662 Burgi,salutem.
675 3575 872 3640 Mandatum
884 3573 1008 3638 domini
1020 3574 1118 3659 Regis
1129 3573 1164 3638 in
1174 3574 1343 3640 hecverba
1353 3574 1472 3660 recepit
1489 3574 1557 3639 Ed·

356 3681 484 3746 nardus
494 3679 558 3745 Dei
572 3679 687 3765 gratia,
697 3687 760 3744 etc.
770 3677 954 3744 vicecomiti
965 3677 1297 3757 Norhamtoniescire,
1309 3679 1459 3743 salutem.
1482 3679 1558 3743 Pre-

358 3782 429 3868 cipe
438 3780 548 3848 abbati
559 3783 599 3847 de
613 3783 723 3867 Burgo
735 3781 840 3846 sancti
853 3779 940 3847 Petri
951 3779 1039 3866 quod
1046 3781 1136 3866 juste
1148 3790 1182 3845 et
1191 3779 1261 3845 sine
1272 3779 1430 3846 dilacione
1445 3781 1559 3847 reddat

359 3885 466 3965 Serre,
479 3907 541 3970 que
556 3887 619 3950 fuit
640 3907 724 3950 uxor
737 3884 760 3950 J
762 3884 901 3949 ohannis
922 3884 980 3948 filii
994 3884 1158 3950 Johannis
1173 3884 1213 3948 de
1228 3883 1405 3966 Wautona,
1419 3884 1559 3950 rationed

359 3985 458 4051 bilem
484 3988 594 4052 dotem
616 4011 720 4069 suam,
735 4010 798 4074 que
813 4010 886 4054 eam
901 3987 1062 4073 contingit
1077 3985 1118 4052 dc
1133 3987 1235 4052 libem
1257 3995 1445 4053 tenemento
1471 3987 1558 4072 quod

359 4087 422 4154 luit
444 4089 581 4174 predicti
604 4091 767 4157 Johannis
792 4092 958 4176 quondam
980 4091 1041 4156 viri
1064 4092 1114 4156 sui
1136 4091 1172 4155 in
1195 4091 1305 4176 Burgo
1331 4091 1435 4155 suncti
1461 4091 1559 4154 Petri.

361 4192 495 4279 Precipe
519 4193 667 4261 Gallrido
691 4196 804 4275 Broud
826 4195 913 4280 quod
924 4195 1014 4279 juste
1034 4203 1095 4260 etc.
1111 4195 1144 4258 in
1161 4194 1274 4262 eadem
1295 4193 1380 4258 ville.
1426 4191 1559 4276 Preoipe
