3812 5030
443 541 486 602 30
759 553 974 602 cusosrrcou
999 553 1326 600 aurnosurusuusc.

488 708 573 772 Item
599 707 663 772 hoc
684 729 770 772 anno
792 729 849 772 rex
870 707 1050 771 Edwardus
1077 707 1157 772 citra
1181 707 1395 771 Pentecosten
1422 729 1510 772 mare
1539 717 1644 773 trans·

443 809 573 874 fretavit
594 810 635 873 ad
658 809 878 895 recipiendum
894 809 1056 894 quendam
1080 809 1271 873 comitatum
1294 813 1426 876 nomine
1453 812 1573 892 Pontii,
1589 813 1645 898 qui

443 911 474 976 ei
488 911 654 978 accidebat
667 933 726 998 per
746 912 910 976 dominam
925 912 1112 976 Alienorem
1127 933 1263 976 uxorem
1287 935 1380 977 suam
1405 913 1547 998 reginam
1570 915 1644 1000 jure

443 1016 647 1084 hereditario.

489 1118 575 1184 Item
601 1119 664 1184 hoc
688 1140 775 1184 anno
801 1119 885 1184 circa
909 1119 1032 1183 festum
1048 1119 1260 1184 Pentecostes
1286 1117 1453 1184 mandavit
1476 1141 1532 1183 rex
1558 1120 1644 1185 vice-

444 1219 618 1290 comitibus
633 1221 721 1306 quod
736 1221 864 1307 publice
887 1221 1086 1306 proclamare
1100 1222 1243 1287 facerent
1257 1243 1317 1308 per
1340 1221 1498 1301 civitates,
1514 1221 1644 1307 burgos,

444 1323 537 1390 villas
551 1324 769 1403 mercatorias,
784 1335 818 1388 et
837 1324 915 1389 alias
930 1345 990 1410 per
1008 1333 1112 1388 totam
1133 1334 1251 1389 terram
1266 1324 1392 1408 Anglie,
1418 1325 1506 1409 quod
1531 1346 1644 1388 omnes

445 1425 502 1512 qui
516 1436 680 1492 monetam
694 1427 808 1492 falsam
824 1435 858 1492 et
880 1438 1044 1492 retonsam
1067 1425 1225 1491 haberent
1249 1436 1328 1492 tunc
1349 1427 1384 1490 in
1407 1427 1522 1491 eodem
1545 1448 1644 1512 regno

444 1539 638 1608 currentem,
652 1529 801 1596 venirent
823 1531 865 1595 ad
888 1529 1051 1596 cambium
1074 1540 1205 1594 monete
1231 1530 1320 1614 quod
1342 1529 1558 1594 constitutum
1583 1531 1645 1594 fuit

443 1631 478 1698 in
501 1632 586 1700 villis
609 1632 768 1713 Eborum,
793 1634 978 1712 Cantuarie,
992 1631 1174 1710 wintonie,
1196 1631 1336 1709 Oxonie,
1357 1629 1543 1711 Glovernie,
1566 1631 1645 1695 Lin-

444 1734 560 1813 colnie,
576 1734 665 1800 Novi
680 1733 789 1800 Castri
811 1757 908 1820 super
920 1735 1050 1815 linum,
1065 1745 1098 1799 et
1120 1733 1368 1814 Norbamtonie,
1382 1742 1417 1797 et
1431 1734 1518 1818 quod
1533 1732 1573 1798 ab
1588 1735 1645 1799 illo

443 1845 592 1921 tempore
606 1836 695 1900 nulla
710 1846 842 1902 moneta
855 1837 936 1900 falsa
950 1847 1008 1902 aut
1030 1847 1161 1902 retonsa
1178 1845 1320 1901 curreret
1334 1836 1368 1900 in
1383 1857 1494 1921 regno,
1509 1846 1543 1900 et
1557 1838 1644 1922 quod

442 1939 552 2004 nullus
577 1937 638 2004 sub
665 1939 807 2023 periculo
832 1940 899 2004 vite
924 1951 957 2006 et
994 1939 1213 2005 membrorum
1242 1948 1276 2004 et
1299 1937 1472 2002 amissione
1498 1938 1645 2004 omnium

442 2042 604 2108 bonorum
624 2063 757 2107 suorum
772 2052 895 2108 emeret
908 2043 961 2108 vel
974 2043 1131 2108 venderet
1154 2064 1212 2108 seu
1236 2040 1366 2126 aliquod
1388 2041 1553 2126 negotium
1568 2041 1645 2106 inde

441 2147 562 2216 faceret
586 2145 650 2212 nisi
669 2149 904 2212 *tantummodo
927 2147 962 2212 iu
985 2146 1160 2213 escambio.
1203 2145 1250 2210 Et
1273 2147 1396 2209 lactum
1417 2153 1470 2210 est
1483 2144 1645 2210 cambium

441 2250 560 2318 veteris
575 2259 706 2317 monete
721 2262 853 2316 retunse
868 2273 928 2338 pro
942 2274 1009 2316 non
1025 2263 1169 2316 retunsa.

486 2355 571 2420 Item
586 2356 649 2422 hoc
663 2377 749 2420 anno
765 2355 942 2441 assignavit
964 2377 1021 2423 rex
1044 2377 1103 2440 per
1118 2353 1276 2440 quosdam
1291 2351 1466 2418 comitatus
1492 2352 1581 2438 regni
1595 2353 1646 2416 in·

441 2458 615 2544 quisitores
629 2458 670 2523 ad
684 2457 862 2523 videndum
877 2479 991 2522 omues
1006 2457 1165 2536 civitates,
1176 2455 1309 2541 burgos,
1319 2455 1413 2520 villas
1428 2455 1646 2535 mercatorias,

442 2570 510 2626 tam
524 2560 607 2624 infra
626 2559 793 2624 libertates
818 2582 916 2644 quam
930 2570 1033 2640 extra,
1058 2580 1337 2646 quorumcumque
1358 2558 1503 2624 virorum
1526 2559 1647 2622 fuerint

444 2663 512 2728 sive
527 2661 665 2726 divitum
681 2661 749 2726 sive
763 2683 955 2747 pauperum,
970 2671 1005 2727 et
1019 2663 1061 2727 ad
1080 2662 1311 2747 inquirendum
1335 2672 1403 2726 tam
1418 2663 1459 2726 de
1474 2662 1645 2727 dominicis

442 2765 546 2830 feodis
561 2764 644 2850 regis
659 2774 693 2829 et
706 2763 899 2844 feodalibus,
910 2765 1058 2845 assuetis,
1071 2765 1288 2846 libertatibus,
1302 2789 1340 2831 ac
1354 2767 1479 2832 cunctis
1494 2765 1597 2831 feodis
1613 2777 1647 2831 et

442 2867 638 2934 tenementis
661 2865 935 2952 contingentibus,
958 2888 1055 2952 quam
1078 2867 1214 2932 aliorum
1238 2889 1517 2952 quorumcumque
1536 2877 1568 2932 et
1590 2869 1646 2953 qui

442 3076 579 3156 villanis,
594 3076 629 3140 in
644 3074 746 3140 servis
760 3082 799 3138 ut
813 3073 847 3137 in
863 3073 977 3152 servis,
998 3072 1032 3137 in
1056 3072 1185 3138 cotariis
1209 3084 1247 3138 ut
1269 3073 1304 3137 in
1329 3073 1470 3152 cetariis,
1485 3083 1519 3138 et
1533 3083 1647 3158 postea

440 3180 476 3248 in
489 3180 600 3246 liberis
615 3177 821 3257 tenementis,
837 3187 871 3242 et
885 3177 917 3241 in
934 3176 1053 3257 boscis,
1068 3177 1102 3241 in
1123 3177 1241 3262 parcis,
1255 3177 1290 3241 in
1305 3177 1413 3255 oasiis,
1426 3177 1461 3241 in
1476 3179 1646 3258 warennis,

440 3283 475 3346 in
490 3283 593 3368 aquis,
607 3281 744 3366 ripariis,
759 3279 975 3360 libertatibus,
990 3279 1078 3358 feris,
1099 3281 1260 3360 mercatis,
1280 3303 1317 3345 ac
1341 3280 1411 3344 aliis
1436 3280 1560 3344 tenuris
1575 3281 1646 3366 qui-

440 3383 644 3467 buscumque
667 3391 702 3446 et
724 3403 929 3466 quocumque
955 3383 1064 3461 modo,
1080 3393 1114 3448 et
1138 3384 1178 3448 de
1204 3382 1335 3468 quibus,
1360 3383 1428 3447 sive
1454 3383 1494 3447 de
1521 3383 1646 3463 mediis,

442 3487 510 3552 sive
536 3487 578 3550 de
601 3484 684 3564 aliis,
698 3495 732 3548 et
757 3485 798 3549 de
813 3484 930 3568 quibus
945 3484 1049 3549 leodis
1075 3494 1110 3550 ct
1132 3485 1205 3550 aliis
1232 3486 1356 3551 tenuris
1381 3486 1562 3572 scutagium
1577 3485 1646 3551 dari

441 3586 611 3654 consuevit
625 3595 657 3650 et
680 3583 748 3649 dari
774 3585 882 3660 debet,
897 3595 931 3650 et
945 3596 1104 3670 quantum
1119 3588 1159 3653 de
1183 3589 1288 3654 feodis
1303 3589 1466 3654 honorum
1493 3611 1646 3674 quorum·

441 3711 591 3776 cumque,
605 3698 639 3754 et
653 3687 709 3772 qui
722 3687 818 3752 feoda
837 3687 893 3752 illa
913 3697 1029 3753 tenent
1051 3699 1085 3756 et
1099 3689 1237 3775 qualiter
1255 3701 1290 3757 et
1306 3691 1481 3776 quomodo,
1497 3691 1543 3755 ita
1557 3692 1645 3776 quod

442 3793 566 3878 singule
577 3790 663 3870 ville,
676 3789 851 3855 hamelette
862 3799 896 3855 et
903 3790 965 3856 alie
974 3799 1089 3856 tenure
1104 3813 1309 3879 quocumque
1324 3793 1456 3858 nomine
1471 3803 1646 3858 teneantur

441 3895 594 3968 distincte
609 3903 643 3958 et
656 3900 767 3977 aparte
781 3893 1029 3958 conscribantur
1042 3893 1077 3960 in
1091 3893 1183 3960 libris
1198 3905 1233 3960 et
1247 3896 1371 3960 nemini
1385 3908 1548 3982 parcatur.

485 3999 570 4064 Item
581 3997 645 4061 hoc
659 4017 745 4060 anno
759 3995 842 4060 obiit
855 3997 953 4060 frater
967 3995 1132 4075 Robertus
1152 3997 1193 4063 de
1210 3998 1376 4087 Kilwarby
1391 4003 1432 4067 de
1446 4000 1559 4066 ordine
1575 4021 1647 4087 pre·

442 4103 632 4182 dicatorum,
654 4098 709 4186 qui
725 4099 787 4166 luit
801 4098 971 4166 cardinalis
988 4100 1186 4168 Portuensis.
