3894 5024
390 639 451 697 138
706 651 919 699 cuaourcou
937 649 1262 699 rarsoauaoansa‘.

388 804 556 869 dominum
573 805 694 889 Regem
711 813 744 868 et
767 805 935 869 consilium
960 825 1056 869 suum
1076 805 1273 890 judicentur.
1318 800 1371 869 Ad
1387 799 1482 890 quem
1499 801 1585 872 diem

388 907 487 972 abbas
503 907 593 972 venit
607 929 665 992 per
691 909 889 971 a'ttomatum
913 929 1021 988 suum,
1047 917 1081 972 et
1105 908 1200 972 datus
1227 917 1277 972 est
1303 907 1333 973 ei
1348 908 1417 973 dies
1440 910 1526 994 quod
1542 910 1585 974 sit

388 1032 495 1075 coram
520 1009 696 1075 baronibus
712 1010 752 1074 de
779 1009 943 1075 scaccario
967 1011 1008 1074 ad
1034 1011 1231 1076 audiendum
1249 1011 1408 1097 judicium
1429 1035 1524 1076 suum
1549 1011 1583 1075 in

387 1113 510 1180 octabis
521 1113 756 1178 purificationis
765 1113 859 1177 beate
868 1113 1063 1198 Marie,quia
1071 1115 1217 1179 nondum
1224 1115 1383 1201 judicium
1392 1115 1513 1180 factum
1523 1125 1583 1179 est.

172 1226 371 1294 (formidine)
431 1222 444 1297 s
457 1217 555 1280 Anno
570 1215 707 1280 Domini
722 1215 853 1280 M⁰.c⁰c⁰.
870 1216 1067 1300 octogesimo
1082 1223 1185 1280 sexto.

432 1320 484 1384 De
498 1319 612 1384 itinere
623 1317 876 1404 justiciariorum
892 1319 933 1383 de
948 1318 1083 1384 Foresta
1098 1318 1185 1403 apud
1199 1318 1504 1404 Norhamptoniam.

166 1424 346 1475 Norhemtonie·
432 1422 507 1487 Hoc
522 1445 607 1487 anno
622 1423 754 1488 fuerunt
764 1420 936 1508 justiciarii
951 1422 991 1486 de
1014 1421 1150 1486 Foresta
1170 1421 1360 1487 itinerantes
1383 1424 1471 1508 apud
1496 1423 1584 1488 Nor·

386 1524 598 1604 hamtoniam,
627 1523 788 1604 videlicet,
810 1525 955 1609 Rogems
980 1523 1011 1588 le
1037 1523 1198 1608 Estrange
1223 1532 1257 1588 et
1280 1523 1359 1588 socii
1386 1525 1447 1605 sui,
1476 1547 1583 1590 coram

388 1627 518 1712 quibus,
539 1616 631 1692 lectis
654 1626 750 1692 cartis
772 1626 959 1692 libertatum
975 1626 1015 1690 de
1030 1627 1162 1706 foresta,
1177 1626 1311 1692 allocate
1333 1627 1466 1692 fuerunt
1486 1626 1583 1692 liber-

387 1737 469 1794 tates
484 1727 627 1813 pacifice,
643 1738 676 1792 et
691 1727 761 1794 sine
776 1727 907 1814 placite,
918 1737 952 1794 et
965 1728 1000 1792 in
1015 1727 1130 1793 rotulis
1142 1729 1319 1794 eorundem
1327 1718 1583 1816 justiciariorum

384 1830 586 1914 transcripte.
964 1833 965 1836 ’
1579 1841 1581 1846 “

429 1935 513 2000 Item
529 1956 636 1998 coram
652 1934 774 1999 eisdem
789 1934 852 1998 fuit
866 1943 1089 2020 presentatum
1113 1934 1154 1998 de
1174 1935 1310 2000 assartis‘
1329 1935 1423 2001 factis
1447 1935 1509 2000 sub
1523 1928 1584 2000 bac

383 2038 487 2102 forma
497 2062 550 2101 :—

163 2147 371 2198 Vertumnum.
426 2138 539 2204 Abbas
556 2138 606 2202 ⁴de
642 2139 751 2223 Burgo
786 2138 956 2204 assartavit
981 2139 1068 2224 apud
1095 2137 1292 2224 Gotingham
1327 2139 1393 2205 viii.
1423 2161 1512 2204 acras
1548 2151 1582 2206 et

161 3918 314 3969 BedeIordit·

383 2240 550 2306 dimidiam
565 2241 606 2305 de
620 2239 716 2306 feodo
732 2261 792 2305 suo
806 2239 949 2326 proprio,
964 2241 1052 2306 unde
1067 2241 1255 2326 recognovit
1268 2251 1330 2306 etc.

427 2343 521 2410 Idem
543 2343 643 2408 abbas
673 2343 750 2408 fecit
774 2343 804 2408 .i.
829 2345 1006 2409 frussuram
1032 2343 1153 2409 ibidem
1180 2344 1220 2408 de
1244 2345 1339 2410 feodo
1364 2361 1424 2411 auo
1446 2348 1578 2433 proprio

383 2447 604 2511 continentem
620 2446 674 2510 xii.
690 2469 779 2512 acras
795 2469 909 2513 versus
926 2447 1141 2532 Rokingham,
1158 2447 1245 2512 unde
1261 2449 1448 2534 recognovit
1462 2459 1524 2514 eto.

427 2549 520 2614 Idem
542 2549 641 2613 abbas
664 2551 835 2616 assartsvit
856 2551 977 2616 ibidem
999 2551 1033 2615 ii.
1055 2573 1144 2615 aeras
1167 2551 1207 2615 de
1233 2551 1328 2616 feodo
1355 2573 1415 2616 suo
1439 2543 1581 2638 propri0,

382 2649 469 2714 unde
483 2649 672 2733 recognovit
686 2659 749 2714 etc.
1205 2674 1206 2678 ¹
1464 2647 1467 2652 ’

427 2750 519 2814 Idem
545 2749 644 2814 abbas
671 2751 842 2814 assartavit
859 2751 945 2834 apud
972 2750 1221 2816 Sivardeshawe
1240 2752 1279 2816 de
1302 2753 1398 2818 feodo
1425 2773 1484 2818 suo
1506 2766 1580 2840 pro-¹

382 2851 453 2936 prio
468 2849 650 2936 pertinente
666 2850 705 2914 ad
724 2873 847 2916 novum
863 2851 1020 2937 Bigginge
1036 2874 1112 2916 xxx.
1135 2873 1224 2917 acras
1247 2863 1281 2916 et
1303 2853 1479 2935 dimidiam,
1495 2857 1580 2920 unde

382 2953 570 3040 recognovit
584 2962 645 3020 etc.
953 3017 957 3024 ,
1566 2953 1570 2960 ’

428 3059 512 3124 Item
533 3067 755 3143 presentatum
779 3070 829 3123 est
853 3060 942 3144 quod
964 3058 1133 3124 Johannes
1157 3059 1389 3146 Caurymwry,
1411 3060 1580 3128 Johannes

382 3163 412 3226 le
428 3163 593 3246 Flemeng,
620 3163 721 3246 Hugo
739 3163 896 3248 Bunting‚
911 3163 1096 3227 Alexander
1110 3162 1196 3226 filius
1216 3162 1307 3226 Isaac
1323 3163 1363 3228 de
1379 3163 1532 3230 Stanford
1548 3177 1585 3230 et

382 3266 489 3330 Lucas
504 3265 544 3329 de
559 3266 674 3329 eadem
698 3266 845 3330 consueti
868 3267 1000 3330 fuerunt
1022 3287 1149 3330 currere
1172 3287 1246 3329 cum
1266 3263 1401 3329 canibus
1428 3267 1497 3332 suis
1512 3268 1587 3333 sine¹

381 3379 534 3447 warento,
549 3377 583 3432 et
605 3389 719 3453 capere
738 3367 945 3433 venationem
968 3368 1001 3432 in
1025 3367 1163 3453 quadam
1187 3367 1346 3445 libertate,
1369 3390 1466 3453 quam
1481 3369 1586 3434 abbas

382 3472 422 3536 de
438 3471 547 3555 Burgo
563 3471 666 3534 sancti
683 3471 769 3535 Petri
792 3470 891 3536 habet
905 3471 940 3536 in
961 3473 1082 3536 foresta
1096 3479 1225 3535 tantum
1245 3491 1305 3556 pro
1321 3491 1355 3535 se
1370 3481 1405 3534 et
1418 3470 1517 3535 libere
1532 3481 1584 3534 te-‘

381 3571 535 3636 nantibus
551 3572 629 3650 suis,
645 3593 709 3635 non
727 3570 807 3635 aliis.
853 3573 899 3637 Et
914 3571 988 3657 quia
999 3594 1065 3636 non
1078 3570 1258 3636 fueruntde
1268 3570 1415 3635 libertate
1426 3570 1580 3656 predicta.

383 3676 463 3740 Ideo
478 3674 541 3758 ipsi
556 3675 589 3736 in
606 3673 836 3740 misericordia.
1104 3687 1108 3694 '

427 3780 480 3843 De
494 3779 608 3842 itinere
619 3777 873 3862 justiciariorum
887 3779 975 3864 apud
992 3777 1228 3842 Bedefordiam.

427 3881 539 3946 Abbas
555 3882 595 3945 de
611 3881 720 3964 Burgo
737 3880 839 3944 sancti
855 3879 942 3944 Petri
959 3878 1176 3942 summonitus
1187 3875 1250 3941 fuit
1263 3877 1304 3941 ad
1318 3878 1582 3963 respondendum

384 3986 517 4052 domino
533 3985 614 4070 Regi
630 3985 670 4049 de
690 3983 809 4069 placito
826 3984 902 4050 Quo
917 3982 1075 4047 Warento
1091 3980 1208 4046 clamat
1220 3979 1339 4046 habere
1354 3981 1461 4047 visum
1481 3985 1583 4050 franci

381 4087 488 4174 plegii,
503 4087 596 4171 ways,
611 4085 766 4171 placitum
788 4085 881 4149 vetiti
906 4084 1014 4158 namii,
1039 4093 1072 4146 et
1092 4091 1261 4146 rotumum
1287 4081 1435 4148 brevium
1460 4085 1583 4150 domini

384 4191 482 4278 Regis
494 4191 528 4256 in
540 4189 682 4254 manerio
693 4211 752 4254 suo
765 4187 805 4252 de
816 4187 1027 4271 Stanewiggc,
1039 4184 1152 4249 catalla
1162 4184 1307 4250 solanum
1319 4197 1352 4251 et
1363 4187 1581 4272 fugitivorum,

383 4305 418 4358 et
442 4293 689 4358 amerciamenta
714 4311 776 4375 que
792 4311 832 4353 ex
848 4288 978 4356 murdro
994 4296 1027 4352 et
1042 4307 1082 4351 ex
1096 4285 1166 4352 aliis
1181 4289 1392 4356 forisfacturis
1410 4289 1581 4356 hominum
