3938 5022
671 631 885 678 cneorreorr
903 633 1230 678 rernoeueerrrrsrr.
1494 621 1555 682 ΙΙΙ

352 782 463 847 venire
489 782 531 846 ed
555 781 663 848 visum
685 782 821 863 abbatis,
837 784 896 849 sed
910 783 1034 848 iaciunt
1047 783 1154 848 visum
1170 785 1211 850 ed
1237 793 1371 850 turnum
1399 783 1556 851 Beetricie

354 886 552 972 Malemeyn,
568 908 630 972 que
644 886 744 953 hebet
757 887 865 952 visum
879 888 1026 952 francum
1041 897 1080 952 ut
1094 889 1222 954 dicitur.

397 990 543 1054 Feodum
558 988 684 1054 abbatis
700 990 740 1054 de
757 990 888 1077 Soleby,
903 991 996 1078 eujus
1012 992 1256 1075 predecessores
1272 990 1422 1057 solebant
1435 992 1560 1058 venire.

395 1095 538 1158 Thomas
553 1093 640 1158 filius
656 1094 821 1180 Radulphi
837 1094 1008 1159 consuevit
1021 1095 1142 1176 venire,
1158 1097 1251 1181 eujus
1267 1105 1369 1160 terras
1385 1096 1557 1163 Johannee

352 1197 385 1260 in
402 1196 553 1261 salicibus
569 1205 669 1261 tenet.

395 1301 530 1385 Egidius
546 1299 587 1364 de
606 1298 797 1385 'Phingdene
817 1297 989 1364 consuevit
1002 1299 1124 1379 venire,
1148 1301 1242 1385 eujus
1264 1309 1366 1366 terras
1385 1301 1556 1369 Johannes

353 1402 445 1469 Giles
460 1412 560 1467 tenet„

396 1508 496 1592 Hugo
521 1507 718 1592 Bywestone
739 1504 910 1570 consuevit
924 1504 1045 1584 venire,
1060 1505 1154 1590 eujus
1168 1513 1270 1570 terres
1293 1507 1464 1573 Johannes
1489 1511 1557 1596 By·

351 1619 495 1673 westone
510 1616 611 1671 tenet.
1171 1629 1176 1642 ·

396 1711 486 1775 Simo
517 1709 596 1774 Hok
622 1707 791 1774 consuevit
816 1706 938 1788 venire,
964 1707 1058 1792 cujus
1081 1703 1183 1773 terras
1207 1707 1352 1775 Wimare
1377 1732 1461 1776 uxor
1485 1713 1557 1798 ejus

351 1824 453 1881 tenet.

395 1917 437 1982 In
453 1915 642 1981 Creneiord.
688 1914 788 2000 Hugo
807 1913 848 1978 de
861 1913 941 1979 Acle
962 1913 1133 1979 consuevit
1154 1915 1276 1994 venire,
1301 1915 1358 2000 qui
1379 1915 1485 1982 adhuc
1500 1939 1556 1982 su-

350 2031 477 2110 perstes
493 2029 553 2086 est.

394 2124 552 2190 Ricardus
566 2123 597 2190 le
612 2123 696 2188 Poer
709 2121 879 2188 consuerit
891 2120 1013 2201 venire,
1024 2123 1118 2208 cujus
1133 2133 1235 2188 terras
1248 2123 1413 2188 Welterus
1427 2124 1458 2188 le
1473 2124 1558 2190 Poer

351 2239 453 2294 tenet.

395 2331 552 2397 Ricardus
568 2331 777 2416 Blundspure
791 2329 961 2396 consuevit
974 2328 1096 2408 venire,
1111 2329 1167 2414 qui
1181 2329 1288 2394 adhuc
1304 2340 1469 2414 superstes
1484 2340 1547 2395 ert.

395 2434 485 2499 Elias
497 2443 656 2497 mereator
670 2440 761 2497 tenet
772 2431 934 2516 quendam
945 2439 1072 2515 partem
1087 2441 1172 2494 terre
1187 2451 1249 2516 que
1260 2430 1393 2495 fuerunt
1406 2431 1558 2516 Hugonis

353 2540 394 2606 de
408 2538 499 2617 Acle,
514 2537 570 2623 qui
585 2535 756 2601 consuevit
770 2533 892 2599 venire.

395 2641 580 2706 Willelmus
596 2639 756 2724 Frenoeye
768 2633 939 2702 consuevit
950 2635 1071 2716 venire,
1083 2635 1177 2721 eujus
1191 2645 1294 2701 terres
1309 2636 1399 2702 Elias
1414 2637 1454 2703 de
1465 2637 1558 2703 Peito

352 2755 387 2810 et
400 2743 465 2809 filie
481 2744 560 2810 dieti
575 2741 732 2808 erlelmi
748 2749 871 2806 tenent.

394 2848 543 2913 Andreas
567 2846 658 2912 Pitot
683 2843 854 2910 consuevit
880 2841 1002 2920 venire,
1028 2843 1121 2928 eujus
1146 2853 1249 2909 terrae
1274 2844 1438 2911 Robertus
1468 2845 1559 2912 Pitot

352 2961 453 3017 tenet.

396 3053 560 3119 Robertus
575 3053 616 3116 ed
630 3052 660 3115 le
677 3051 732 3114 Ho
747 3047 918 3113 consuevit
931 3046 1053 3124 venire,
1067 3047 1124 3130 qui
1139 3049 1245 3112 adhue
1260 3058 1426 3132 superstes
1441 3057 1503 3112 est.

396 3157 543 3242 Rogerus
558 3154 598 3218 de
612 3154 643 3217 le
659 3152 715 3216 Ηο
730 3149 900 3216 consuevit
922 3147 1043 3227 venire,
1064 3149 1158 3233 cujus
1173 3159 1274 3214 terres
1288 3150 1391 3235 Hugo
1405 3149 1558 3236 Dendely

352 3268 455 3324 tenet.

395 3359 580 3426 Willelmus
610 3356 776 3442 Frimpere
805 3354 975 3421 consuevit
1004 3352 1126 3431 venire,
1150 3353 1244 3438 cujus
1270 3363 1373 3418 terrae
1399 3352 1557 3418 Vivianus

353 3464 520 3550 Frimpere
534 3471 636 3527 tenet.

394 3566 528 3632 Debent
542 3564 651 3630 venire
666 3583 725 3649 per
738 3583 841 3625 unum
856 3559 1026 3646 capitalem
1041 3557 1281 3625 decennarium.

396 3669 437 3736 In
452 3669 643 3754 Adingtone
657 3663 837 3730 Mauricius
860 3661 1011 3749 Dendely
1026 3660 1196 3727 consuevit
1210 3660 1331 3742 venire,
1346 3661 1440 3746 eujus
1456 3669 1557 3726 terres

351 3773 495 3854 Beetrix‚
510 3794 573 3859 que
588 3771 653 3836 fuit
667 3791 749 3836 uxor
765 3767 937 3848 willelmi,
953 3776 1056 3832 tenet.

394 3877 563 3944 Johannes
592 3875 753 3962 Kymyun
788 3871 959 3954 consuevit
986 3871 1107 3950 venire,
1137 3868 1231 3954 cujus
1260 3877 1361 3934 terres
1393 3867 1558 3933 Henricue

352 3981 508 4067 Kymyun
523 3988 624 4044 tenet.

393 4081 577 4147 Willelmur
599 4079 685 4144 filius
708 4078 844 4146 Roberti
867 4077 965 4143 Pikot
986 4075 1156 4142 consuerit
1169 4074 1290 4154 venire,
1305 4071 1361 4158 qui
1376 4072 1482 4137 adhue
1504 4093 1558 4136 ru·

349 4195 475 4272 perstee
490 4193 551 4250 est.
