3938 5022
412 604 473 664 120
748 621 963 668 cnaomcou
981 619 1309 667 pawnonunamisn.

493 772 546 836 De
561 772 674 837 eadem
688 773 798 837 villata
813 774 854 838 de
868 773 992 838 catallis
1007 773 1137 838 Ricardi
1152 774 1192 838 de
1209 773 1307 838 Albe-

536 874 619 961 bury
634 876 690 960 qui
704 875 823 940 ibidem
840 875 1000 961 abjuravit
1014 899 1149 961 regnum
1301 923 1311 940 .

407 976 605 1062 Islep.-De
620 978 731 1042 villata
755 978 795 1042 de
812 979 900 1064 Islep
921 979 962 1044 de
987 980 1110 1045 catallis
1126 979 1262 1044 Henrici
1277 979 1307 1044 le

537 1080 784 1145 Pescurfelonis
799 1081 929 1166 fugitivi
1015 1129 1025 1148 .

407 1183 584 1248 Pokebroc.
585 1181 684 1250 —De
699 1185 821 1248 catallis
838 1185 973 1250 Henrici
988 1186 1082 1250 Buke
1092 1187 1208 1252 felonis
1223 1185 1308 1272 fugi·

534 1287 594 1350 tivi

405 1391 601 1477 Kynestorp
598 1392 703 1454 .-De
719 1391 828 1456 villata
847 1392 888 1456 de
915 1392 1105 1478 Kynestorp
1127 1392 1167 1458 de
1183 1393 1305 1458 catallis

534 1493 669 1556 Roberti
683 1493 741 1557 filii
753 1495 842 1558 Petri
855 1494 971 1559 felonis
986 1495 1112 1580 fugitivi
1157 1541 1166 1562 .
1298 1541 1306 1558 .

402 1599 561 1684 Aystona‚
574 1597 809 1662 Undele.-De
827 1597 943 1661 villatis
958 1597 999 1662 de
1018 1600 1168 1683 Aystona
1183 1606 1216 1662 et
1232 1597 1304 1662 Un-

533 1700 603 1765 dele
625 1701 665 1764 de
680 1701 803 1765 catallis
819 1701 980 1766 Johannis
997 1702 1124 1766 Faukes
1140 1701 1196 1786 qui
1210 1699 1302 1786 abju-

321 1867 326 1879 ,
530 1803 614 1866 ravit
627 1825 762 1888 regnum
870 1849 880 1868 .
1010 1847 1021 1868 .
1151 1847 1162 1868 .
1292 1847 1300 1865 .

401 1907 629 1972 Stokes.-De
653 1907 763 1971 villata
781 1907 822 1971 de
846 1908 964 1972 Stokes
986 1909 1081 1992 juxta
1108 1908 1236 1973 Undele
1263 1907 1303 1971 de

529 2009 652 2074 catallis
678 2009 700 2074 J
703 2010 840 2073 ohannis
856 2010 896 2073 de
912 2010 1030 2075 Stokes
1052 2011 1180 2076 sellonis
1196 2011 1304 2076 decol-

528 2113 587 2176 lati

401 2217 637 2284 Undele.-—De
651 2217 763 2281 villata
784 2217 825 2281 de
850 2217 979 2282 Undele
995 2217 1036 2282 de
1051 2218 1174 2282 catallis
1192 2218 1301 2282 Ricar-

529 2320 562 2384 di
578 2320 618 2384 de
635 2319 749 2406 Groby
764 2321 819 2404 qui
834 2320 955 2386 ibidem
970 2320 1131 2408 abjuravit
1145 2343 1280 2407 regnum

174 2455 259 2504 comes
269 2457 345 2505 (glou,
397 2422 688 2508 Trapstona.-De
707 2423 816 2486 villata
842 2423 882 2488 de
907 2424 1090 2508 Trapstona
1115 2425 1155 2488 de
1176 2424 1299 2488 catallis

173 2523 365 2586 ooetfiemepit.
529 2524 669 2589 Gilberti
692 2525 745 2588 del
771 2525 937 2590 Horecros
964 2527 1020 2610 qui
1044 2527 1205 2612 abjuravit
1229 2549 1301 2612 reg-

481 2649 677 2792 Dessugdem
701 2727 811 2790 villata
837 2727 877 2791 de
906 2727 1029 2792 catallis
1052 2729 1208 2792 willelmi
1238 2729 1297 2793 filii

523 2830 680 2895 Willelmi
695 2829 725 2894 le
741 2830 869 2894 Orfefre
884 2830 940 2915 qui
955 2830 1115 2916 abjuravit
1130 2853 1266 2916 regnum

393 2935 649 3020 Aystona.—De
664 2933 774 2997 villata
796 2933 836 2997 de
856 2933 1005 3020 Aystona
1028 2933 1069 3000 de
1091 2935 1214 3000 catallis
1239 2935 1296 3000 Ri-

430 3053 432 3057 ’
523 3035 611 3100 cardi
636 3033 694 3098 filii
709 3034 875 3120 Ranulphi
898 3035 938 3100 de
963 3037 1150 3102 Tichemers
1166 3039 1222 3124 qui
1238 3038 1296 3104 ab·

519 3139 642 3224 juravit
655 3159 792 3223 regnum
807 3137 894 3222 apud
910 3137 1040 3204 Undele
1135 3185 1152 3204 ·.
1275 3183 1293 3206 ·.

391 3239 697 3326 Tychemers.—De
712 3240 821 3304 villata
843 3243 884 3305 de
908 3239 1097 3306 Tichemers
1114 3241 1155 3305 de
1170 3240 1294 3305 catallis

521 3342 683 3407 Johannis
703 3341 760 3405 filii
779 3341 907 3406 Radulfi
932 3342 1077 3408 Lothom
1103 3343 1159 3428 qui
1174 3343 1296 3408 ibidem

521 3443 681 3529 abjuravit
695 3465 870 3528 regnum.
1002 3493 1011 3511 .
1141 3493 1152 3512 .
1283 3493 1292 3511 .

477 3546 530 3610 De
545 3547 658 3610 eadem
672 3546 781 3610 villata
796 3547 837 3612 de
850 3569 938 3612 anno
963 3558 999 3612 et
1017 3557 1110 3614 vasto
1136 3559 1295 3614 terrarum

520 3648 666 3734 ejusdem
681 3648 705 3712 J
706 3648 845 3712 ohannis

477 3752 530 3816 De
545 3751 658 3816 eadem
672 3751 781 3816 villata
796 3752 836 3816 de
852 3751 958 3816 medio
973 3762 1120 3839 tempore
1134 3765 1291 3819 terrarum

520 3854 666 3938 ejusdem
718 3899 1291 3923 .....

391 3955 572 4024 Pokebrok.
574 3958 670 4022 —De
695 3956 805 4022 villata
827 3957 867 4021 de
894 3954 1077 4037 Pokebrok,
1103 3959 1144 4023 de
1167 3959 1290 4024 catallis
1409 3981 1412 3988 ·

520 4059 655 4125 Roberti
680 4059 710 4125 le
727 4059 845 4125 Ridere
859 4060 900 4125 de
916 4059 1031 4126 eadem
1052 4061 1107 4147 qui
1129 4059 1290 4148 abjuravit

518 4185 654 4249 regnum
708 4203 728 4234 ι.
846 4203 864 4230 ι.
991 4205 1006 4226 ·
1132 4205 1148 4232 =.
1280 4213 1290 4231 .

1442 2321 1488 2385 vi⁸
1553 2321 1603 2386 iiid

1430 2630 1486 2692 vii³

1538 2833 1601 2898 xiid

1436 3141 1482 3206 vi·

1439 3447 1476 3510 ii·
1548 3449 1597 3512 iiia

1141 3697 1153 3716 .
1282 3696 1294 3716 .
1433 3651 1479 3714 ἰίἰι

1422 3859 1483 3923 xii·
1546 3861 1595 3925 vid

1500 4166 1594 4233 xviiid
