3812 5030
376 623 395 679 2
693 635 906 681 canonrcon
931 633 1255 680 rnrsoeusornss.

218 794 364 842 Mexxxviii·
422 787 487 852 Hic
509 785 716 851 Theobaidus
742 787 1002 875 archiepiscopus
1025 795 1231 852 consecratus
1259 794 1320 852 est.
1385 783 1461 849 Hoc
1488 807 1575 849 anno

381 890 567 974 Stephanus
582 909 638 952 rex
650 897 764 973 captus
779 889 842 953 fuit
856 890 943 974 apud
957 889 1173 954 Lincolniam.

120 1046 124 1060 .
236 1013 366 1061 nrsxxxix.
422 993 616 1079 Imperatrix
631 993 770 1058 venitin
785 993 946 1078 Angiianr.

291 1101 369 1151 Men.
425 1097 554 1162 Bellum
568 1097 653 1161 inter
665 1095 867 1182 Stephanum
881 1119 989 1182 regem
1004 1105 1038 1162 et
1057 1095 1237 1160 Robertum
1253 1093 1406 1160 comitem
1417 1093 1579 1159 'Glouces-

382 1201 464 1281 triae,
479 1209 513 1266 et
526 1210 661 1286 uterque
677 1210 790 1285 captus
806 1210 866 1279 est,
881 1210 916 1265 et
929 1210 1064 1286 uterquc
1078 1199 1223 1265 redditus
1238 1221 1297 1285 pro
1312 1199 1385 1264 ulio.

281 1317 370 1366 Msxn.
429 1301 599 1367 Conbusta
621 1311 671 1366 est
696 1301 830 1366 ecclesia
853 1302 1032 1366 Lincolnie.
1086 1301 1187 1367 Fulco
1211 1323 1268 1366 rex
1282 1299 1464 1367 Jerusalem
1490 1297 1582 1364 obiit.

386 1405 551 1472 Successit
565 1405 782 1469 Baldewinus.

276 1511 371 1558 Menti.
430 1507 569 1572 Obsidio
586 1507 794 1574 Wincestrie.

270 1617 375 1666 Mexliii·
431 1610 524 1675 Obiit
553 1611 766 1676 Innocentius
794 1633 890 1697 papa.
945 1611 1109 1677 Successit
1139 1609 1334 1676 celestinus.
1393 1607 1585 1674 Conventus

389 1715 490 1800 Burgi
503 1715 637 1780 intravit
651 1738 770 1780 novam
785 1714 964 1780 ecclesiam.

265 1827 377 1875 Martini.
434 1817 527 1880 Obiit
550 1816 735 1881 Oelestinus
750 1839 844 1902 papa.
890 1817 1055 1882 Successit
1068 1816 1201 1881 Lucius.
1246 1815 1341 1880 Mare
1361 1813 1471 1899 erupit
1488 1811 1586 1877 etin.

390 1940 526 1983 numera
540 1918 624 1981 mala
645 1918 731 1981 fecit.
776 1918 914 1982 Sanctus
929 1917 1114 1982 Willelmus
1128 1939 1210 2002 puer
1231 1917 1403 1982 crucifixus
1427 1924 1479 1981 est
1499 1912 1587 2000 apud

391 2020 578 2085 Norwicum
593 2041 612 2083 a
626 2019 648 2084 J
650 2020 752 2086 udeis.

282 2126 376 2176 Menv.
433 2123 527 2189 Obiit
542 2123 664 2189 Lucius
679 2147 774 2210 papa.
820 2125 984 2190 Successit
998 2124 1177 2210 Eugenius.

276 2241 378 2290 Menvi.
433 2228 505 2292 Rex
532 2227 717 2313 Stephanus
743 2238 916 2292 coronatur
940 2229 1027 2313 apud
1051 2227 1266 2293 Lincolniam.
1310 2223 1478 2310 Eugenius
1504 2244 1589 2308 papa

189 2331 249 2396 (fd-
262 2329 320 2378 1²5²·
332 2325 376 2390 ¹¹³)
390 2331 480 2398 venit
493 2331 529 2396 in
545 2331 723 2396 Franciam.
769 2331 1044 2416 Crucesignantur
1068 2331 1238 2397 Corandus
1264 2331 1440 2416 imperator
1465 2336 1499 2393 et
1523 2327 1589 2392 Lo-

391 2433 532 2500 dowicus
544 2454 601 2497 rex
617 2432 761 2497 Francia.

265 2536 378 2586 Multi*-
436 2536 530 2601 Obiit
542 2535 726 2601 Alexander
754 2535 927 2621 episcopus
952 2535 1131 2602 Lincolnie.
1177 2533 1341 2601 Successit
1362 2532 1526 2598 Robertus
1549 2528 1590 2594 de

394 2637 529 2704 Chenai.

260 2727 380 2775 Mulvni.
437 2741 530 2806 Obiit
544 2741 715 2805 Ascelinus
731 2742 904 2828 episcopus
919 2743 1082 2807 Rofensis.
1128 2741 1291 2808 Successit
1305 2742 1481 2807 Walterus.

277 2841 381 2890 Malis.
438 2842 601 2908 Robertus
617 2844 657 2907 de
672 2843 821 2910 Chaneto
836 2846 875 2909 fit
890 2845 1063 2929 episcopus
1085 2843 1266 2908 Lincolnie.

314 3133 384 3182 Meli.
396 3051 519 3131 Martii,
531 3051 578 3116 ita
588 3061 626 3116 ut
639 3052 769 3116 Tamisa
784 3051 876 3137 equis
891 3059 925 3116 et
938 3050 1076 3135 pedibus
1088 3049 1288 3115 transiretur.

304 3247 383 3296 Μ·
440 3255 534 3322 Obiit
545 3258 694 3322 Matildis
709 3258 821 3344 regina
837 3257 996 3343 Stephani
1011 3257 1105 3344 regis.
1158 3345 1167 3360 ἱ

296 3363 384 3412 Muli?L
440 3359 534 3424 Obiit
558 3361 726 3445 Eugenius
752 3384 845 3446 papa.
890 3361 1054 3426 Successit
1082 3359 1286 3425 Anastasius.
1330 3359 1398 3424 Pax
1422 3359 1595 3424 reformata

397 3470 448 3527 est
472 3461 557 3525 inter
584 3461 786 3547 Stephanum
813 3485 919 3548 regem
948 3464 1065 3547 Anglie
1092 3473 1126 3526 et
1152 3462 1332 3526 Henricum
1362 3460 1464 3525 filium
1491 3462 1592 3544 impe·

288 3667 384 3717 melitii.
396 3573 537 3730 ratObiit
550 3665 742 3730 Anastasius
764 3689 859 3752 papa.
904 3665 1069 3731 Successit
1083 3665 1257 3730 Adrianus.
1300 3663 1394 3729 Obiit
1409 3663 1595 3749 Stephanus

399 3787 466 3830 rex.
512 3767 676 3831 Successit
692 3767 888 3832 Hendricus.

308 3869 387 3920 Merv.
445 3869 538 3935 Obiit
553 3871 717 3935 Martinus
743 3871 843 3937 abbas
860 3872 971 3958 Burgi.
1016 3871 1180 3936 Successit
1194 3870 1389 3935 Willielmus
1413 3871 1453 3936 de
1476 3871 1597 3936 Watir-

400 3971 486 4036 viila.
531 3972 707 4037 Coronatio
721 3974 805 4058 regis
822 3973 979 4038 Hendrici
993 3974 1081 4058 apud
1096 3974 1301 4038 Londoneas.
1346 3973 1422 4039 Hoc
1441 3995 1526 4040 anno
1541 3997 1598 4038 na-

402 4083 456 4140 tus
471 4083 522 4139 est
537 4075 699 4139 hienricus
714 4075 800 4139 filius
815 4075 897 4160 regis
914 4075 1048 4140 Henrici
1062 4074 1104 4139 ab
1118 4075 1270 4140 Alienora
1283 4075 1402 4161 regina.

303 4177 389 4228 Mein.
