3894 5024
667 619 883 666 onnomcos
901 623 1227 672 nnraoannscnsn.
1404 670 1411 684 ,
1496 609 1557 670 133

359 791 475 856 magna
504 769 684 855 quantitate
713 772 868 857 pcccunie
897 774 1029 841 luenmt
1058 777 1192 862 obligati
1222 796 1336 842 versus
1367 773 1556 859 magistrum

361 872 543 952 Gli-adum,
568 873 693 938 domini
723 877 811 962 Pape
840 876 998 942 nuncium
1028 887 1062 944 et
1090 886 1297 944 executorem
1319 875 1443 942 decime
1471 885 1557 940 terre

359 983 479 1054 sancte,
494 975 675 1062 intorques
695 976 795 1042 abbas
816 987 851 1044 et
864 987 1045 1045 conventus
1069 980 1110 1044 de
1136 980 1246 1065 Burgo
1270 977 1403 1064 obligati
1426 979 1558 1044 fuerunt

357 1097 417 1161 per
429 1077 569 1144 litteram
585 1079 807 1165 obligatoriam
821 1082 885 1148 hoc
900 1083 998 1148 modo
1014 1081 1223 1148 subnotatam
1235 1105 1289 1146 ι-

401 1181 563 1246 Norerint
572 1183 715 1248 universi
723 1193 890 1269 presentes
898 1186 1021 1252 litteras
1031 1185 1218 1272 inspecturi,
1230 1185 1317 1270 quod
1326 1205 1387 1248 nos
1398 1182 1556 1250 Ricardus

358 1282 567 1352 miseracione
581 1286 692 1352 divina
713 1286 813 1352 abbas
837 1288 878 1352 de
894 1288 1004 1374 Burgo
1029 1289 1133 1354 sancti
1155 1289 1243 1354 Petri
1265 1298 1300 1353 et
1324 1286 1472 1371 ejusdem
1493 1287 1557 1353 loci

359 1387 550 1453 Conventus
565 1389 606 1454 de
625 1391 724 1474 plano
749 1391 1012 1474 recognoscimus
1035 1400 1069 1456 et
1093 1391 1286 1456 confitemur
1309 1411 1370 1454 nos
1396 1391 1556 1475 recepisse
1623 1385 1625 1388 ’

357 1499 391 1553 et
404 1488 523 1554 habere
536 1489 572 1553 in
587 1490 747 1574 deposito,
762 1489 895 1556 nomine
910 1493 1057 1556 Romane
1072 1492 1206 1558 ecclesie
1230 1501 1265 1555 et
1288 1499 1374 1554 terre
1398 1501 1520 1570 sancte,
1536 1515 1555 1556 a

357 1591 532 1656 venerabili
546 1591 616 1656 viro
631 1592 784 1677 magistro
801 1593 936 1658 Gifredo
959 1593 999 1658 de
1014 1593 1156 1672 Vesano,
1179 1613 1304 1658 camere
1328 1591 1452 1656 domini
1467 1594 1554 1679 Papa

358 1694 482 1773 clerico,
505 1695 681 1778 apostolice
711 1695 796 1760 sedis
826 1697 957 1777 nuncio,
982 1705 1017 1762 et
1040 1706 1211 1763 executore
1236 1694 1445 1781 negociorum
1470 1705 1554 1762 terre

358 1805 469 1861 sancte
489 1817 588 1881 super
601 1796 726 1862 decima
740 1807 775 1862 et
788 1799 858 1864 aliis
879 1822 898 1864 a
913 1799 999 1865 dicta
1013 1801 1090 1866 sede
1114 1800 1149 1864 in
1164 1798 1316 1884 Angliam
1331 1798 1497 1883 deputato,
1513 1799 1554 1866 de

357 1899 512 1982 peccunia
526 1899 649 1964 decime
664 1900 767 1986 ipsius
781 1911 867 1967 terre
882 1911 992 1969 sancte
1007 1923 1158 1970 concesse
1170 1899 1326 1980 subsidio,
1343 1921 1406 1986 que
1421 1901 1554 1966 collecte

356 2002 418 2066 luit
431 2001 466 2066 in
492 2003 606 2088 Regno
630 2004 758 2088 Anglie,
775 2005 978 2092 Quingentas
1001 2006 1100 2072 libras
1126 2005 1354 2090 sterlingorum
1379 2002 1553 2084 bonorum,

356 2127 514 2170 novorum
542 2115 575 2170 et
599 2106 760 2192 legalium.
816 2108 880 2174 Cui
906 2109 1055 2196 deposito
1079 2131 1140 2174 nos
1165 2106 1347 2174 voluntarie
1373 2105 1552 2171 obtulimus

356 2227 415 2292 pro
431 2207 600 2271 nostriset
620 2209 808 2273 monasterii
833 2211 938 2276 nostri
961 2210 1168 2288 utilitatibus,
1191 2218 1225 2273 et
1249 2206 1469 2292 promittimus
1495 2229 1553 2291 per

356 2309 474 2374 bonam
489 2309 587 2375 fidem
602 2320 759 2392 nostram,
768 2334 805 2377 ae
816 2313 964 2398 juramus
979 2335 1041 2378 nos
1051 2312 1152 2377 abbas
1164 2321 1198 2376 et
1211 2318 1392 2376 conventus
1404 2308 1551 2393 predicti,

356 2413 540 2498 depositum
562 2413 672 2498 iprum
686 2415 783 2498 plene
797 2425 831 2480 et
856 2417 980 2502 integre
1003 2415 1148 2493 reddere,
1174 2413 1310 2490 solvere,
1333 2411 1503 2476 restituere
1517 2421 1552 2475 et

355 2516 517 2601 assignare
532 2515 619 2581 dicto
634 2516 788 2602 magistro
813 2519 961 2598 Gilrsdo,
987 2539 1046 2584 seu
1070 2518 1134 2582 alio
1148 2525 1237 2582 certo
1263 2513 1350 2579 sedis
1375 2513 1551 2599 apostolice

354 2618 485 2699 nuncio,
500 2619 588 2704 apud
603 2619 736 2684 Novum
751 2621 925 2708 Templum
940 2620 1196 2698 Londoniarum,
1210 2618 1294 2682 infra
1318 2617 1401 2682 duos
1422 2637 1552 2680 menses

355 2731 529 2809 postquam
543 2745 605 2788 nos
619 2723 673 2788 rel
686 2724 801 2810 aliquis
816 2734 966 2792 noenum
981 2747 1000 2790 a
1026 2725 1113 2790 dioto
1128 2723 1282 2808 magistro
1307 2719 1467 2800 Giffredo‚
1493 2741 1552 2785 seu

355 2825 417 2890 alio
433 2836 521 2891 certo
535 2826 679 2912 predicte
694 2827 781 2892 sedis
796 2827 928 2905 nuncio,
941 2827 1097 2893 fuerimus
1111 2827 1268 2913 requisiti.
1301 2827 1354 2891 De
1369 2847 1433 2911 qua
1445 2823 1552 2910 requi-

356 2927 477 2992 sicione
492 2929 634 2993 creditur
648 2929 786 3015 simplici
801 2931 902 2998 verbo
917 2931 996 2996 dicti
1011 2930 1156 3015 magirtn'
1183 2927 1321 2993 Giffredi
1347 2949 1405 2992 seu
1419 2928 1550 2992 alterius

134 3035 197 3098 (sol.
209 3035 280 3085 aare.
296 3034 342 3100 u.)
355 3029 544 3114 hujusmodi
558 3031 638 3095 certi
652 3033 774 3112 nuncii,
785 3033 871 3098 susci
881 3033 1029 3116 (pientes
1044 3033 1079 3096 in
1094 3051 1155 3096 nos
1167 3051 1260 3094 casus
1275 3039 1309 3094 et
1320 3029 1463 3114 pericula
1473 3029 1551 3094 furti

132 3149 272 3200 macena
357 3141 391 3198 et
404 3130 527 3215 rapine,
540 3133 682 3197 incendii
705 3145 739 3198 et
752 3135 802 3198 ris
822 3135 964 3219 majoris,
979 3143 1014 3198 et
1036 3155 1150 3198 omnes
1171 3132 1251 3196 alios
1265 3152 1360 3195 casus
1386 3137 1420 3195 et
1442 3131 1552 3195 omnia

355 3233 417 3299 alia
429 3233 582 3320 pericula,
597 3235 653 3319 qui
666 3246 701 3301 et
714 3257 776 3322 que
791 3237 936 3322 quolibet
950 3236 1078 3302 evenire
1089 3243 1235 3322 possent.
1280 3235 1326 3298 Et
1340 3231 1550 3318 subjicientes

353 3359 415 3402 nos
427 3336 646 3422 jurisdictioni
661 3338 739 3404 dicti
761 3339 905 3425 magistri
930 3339 1078 3420 (siffredi,
1106 3347 1141 3404 et
1164 3339 1397 3423 cujuscumque
1420 3334 1551 3400 alterius

353 3441 438 3505 dicte
453 3439 539 3504 sedis
554 3439 675 3519 nuncii,
690 3449 729 3504 ut
742 3462 800 3526 per
814 3441 1162 3506 excommunicacionis
1176 3441 1210 3504 in
1225 3459 1381 3524 personas
1397 3447 1431 3502 et
1449 3437 1550 3502 inter-

352 3542 431 3607 dicti
444 3541 480 3605 in
494 3541 662 3606 ecclesiam
676 3552 822 3607 nostram
838 3543 1020 3608 sentencias
1046 3543 1116 3608 sine
1142 3542 1249 3627 aliqua
1263 3539 1447 3604 monicione
1461 3561 1551 3604 com-

351 3645 469 3730 pellere
495 3666 555 3710 nos
580 3645 710 3731 possint
734 3653 768 3710 et
790 3645 899 3731 possit
923 3646 965 3710 ad
990 3645 1120 3732 plenam
1143 3643 1387 3710 restitucionem
1409 3643 1551 3728 depositi

352 3748 536 3830 supradicti.
582 3748 816 3814 Renunciando
832 3747 922 3814 omni
933 3746 999 3833 juri
1022 3747 1177 3812 canonico
1203 3755 1237 3811 et
1262 3743 1359 3825 civili,
1382 3745 1483 3810 tacito
1497 3746 1549 3810 rel

351 3869 515 3931 expresso,
541 3849 740 3934 competenti
765 3858 800 3915 et
824 3851 1053 3935 competituro,
1079 3860 1113 3916 et
1137 3848 1290 3915 omnibus
1316 3848 1491 3934 privilegiis
1517 3857 1551 3913 et

350 3947 563 4033 indulgeneiis
586 3951 767 4037 impetratis
796 3962 831 4018 et
855 3953 1078 4039 impetrandis,
1103 3975 1140 4018 ac
1164 3952 1262 4016 etiam
1285 3949 1380 4036 regiis
1405 3950 1550 4037 prohibi-

351 4050 510 4130 cionibus,
524 4053 642 4137 quibus
665 4063 778 4119 contra
792 4055 950 4140 premissa
974 4056 1023 4120 vel
1046 4063 1158 4120 contra
1172 4052 1303 4138 aliquod
1317 4053 1548 4138 premissorum

350 4150 635 4215 contrafacerevel
649 4153 872 4218 contravenire
886 4173 1070 4238 possemus.
1115 4151 1300 4236 Obligando
1316 4175 1377 4218 nos
1392 4164 1425 4219 et
1439 4155 1548 4220 omnia
