3812 5030
629 591 839 639 cnnonrcou
863 591 1192 642 raraosoaonusn.
1506 575 1525 651 7

322 739 475 805 dicuntur
494 749 564 806 tum
589 741 751 826 incendio,
772 755 844 811 tum
864 747 1042 833 naufragio,
1065 747 1127 812 tria
1152 746 1241 811 milia
1264 744 1436 811 hominum
1465 766 1523 831 pe-

323 864 426 908 russe.

363 946 446 1012 Erat
464 956 574 1012 autem
597 948 696 1013 homo
718 950 758 1014 de
782 950 859 1014 villa
873 949 1055 1029 Wakeleld,
1080 950 1196 1015 Petrus
1220 949 1362 1014 nomine.
1410 948 1518 1013 Homo

319 1048 383 1114 iste
399 1049 536 1136 simplex
551 1060 585 1116 et
599 1052 791 1132 rusticanus,
812 1053 870 1118 sed
883 1053 984 1118 vitam
995 1074 1094 1138 agens
1108 1053 1143 1118 in
1160 1075 1242 1138 pane
1262 1061 1297 1118 et
1313 1073 1407 1138 aqua,
1427 1051 1519 1136 quasi

320 1151 429 1216 futura
448 1153 617 1238 predicens
645 1153 824 1220 habebatur
847 1155 881 1219 in
905 1154 1038 1240 populo.
1083 1154 1118 1219 ls
1142 1155 1225 1242 regis
1240 1155 1402 1221 Johannis
1423 1154 1519 1219 ditio-

320 1275 397 1318 nem
420 1277 487 1320 non
509 1257 592 1320 ultra
605 1257 786 1342 proximam
810 1257 1044 1322 Ascensionem
1064 1257 1242 1342 predicavit
1262 1259 1460 1337 duraturam,
1483 1278 1548 1322 eo·

321 1358 409 1442 quod
424 1359 458 1422 in
473 1359 547 1423 visu
562 1359 592 1424 ei
607 1360 783 1425 revelatum
800 1360 898 1424 luerit
912 1359 935 1425 J
936 1361 1100 1424 ohannem
1115 1381 1223 1445 regem
1247 1381 1305 1444 per
1319 1382 1422 1424 annos
1443 1382 1522 1444 qua-

321 1461 503 1526 tuordecim
519 1473 738 1547 regnaturum,
753 1473 787 1527 et
810 1463 844 1526 in
869 1462 934 1525 biis
949 1459 1028 1525 xiiii.
1045 1462 1139 1525 annis
1153 1462 1273 1540 omnia,
1295 1463 1407 1546 quein
1421 1484 1520 1548 regno

323 1563 558 1646 aggrederetur,
574 1563 710 1627 feliciter
724 1571 1037 1626 consummaturum.
1073 1561 1261 1646 Requisitus
1273 1583 1314 1624 an
1330 1573 1519 1642 moreretur,

324 1684 365 1725 on
381 1663 605 1748 expelleretur,
620 1686 661 1726 an
671 1661 809 1739 cederet,
819 1661 988 1747 respondit
1003 1683 1038 1725 se
1053 1661 1187 1741 nescire,
1197 1671 1236 1725 ut
1249 1662 1369 1740 ferunt,
1384 1663 1442 1727 sed
1459 1664 1523 1728 hoc

326 1765 433 1830 solnm
446 1765 536 1845 scire,
553 1764 640 1850 quod
653 1765 740 1829 ultra
751 1787 817 1829 non
833 1774 992 1850 regnaret,
1002 1785 1063 1828 nec
1077 1764 1159 1849 ipse,
1173 1787 1233 1830 nec
1250 1766 1385 1851 quisque
1401 1787 1440 1830 ex
1457 1766 1525 1831 suis

325 1889 385 1952 pro
400 1867 483 1952 ipso,
499 1867 556 1932 sed
577 1866 650 1932 Deo
669 1867 810 1952 placens.
856 1868 928 1932 Nec
952 1867 1048 1932 latuit
1072 1867 1135 1931 hoc
1158 1887 1277 1951 regem,
1291 1869 1446 1954 visusque
1472 1877 1524 1934 est

324 1969 431 2053 primo
443 1967 609 2032 hominem
628 1967 761 2033 idiotam
786 1978 820 2033 et
842 1969 934 2054 quasi
950 1991 1015 2032 non
1041 1967 1111 2032 sani
1126 1968 1240 2052 capitis
1254 1969 1414 2035 derisisse.
1457 1970 1524 2036 Ve-

326 2093 398 2134 rum
414 2092 488 2134 cum
503 2070 537 2134 id
551 2071 649 2150 idem,
662 2071 746 2135 sicut
758 2071 858 2136 homo
873 2093 974 2156 vagus
989 2079 1069 2150 erat,
1083 2069 1204 2156 ubique
1220 2083 1393 2158 spargeret,
1408 2083 1524 2159 captus

328 2183 380 2239 est
393 2197 413 2238 a
426 2173 510 2259 regis
525 2173 717 2253 fautoribus,
728 2173 804 2238 etin
814 2175 994 2239 custodiam
1004 2174 1159 2239 reclusus.
1205 2175 1317 2239 Crevit
1327 2197 1367 2239 ex
1377 2176 1441 2240 boc
1451 2176 1524 2262 ipso

327 2277 362 2340 in
377 2277 573 2342 immensum
584 2276 695 2362 opinio
710 2277 791 2360 ejus,
806 2277 991 2362 factumque
1006 2285 1057 2340 est
1071 2297 1190 2340 nomen
1202 2277 1271 2361 ejus
1283 2277 1406 2343 celebre
1416 2278 1524 2359 nimis,

329 2387 364 2444 et
378 2379 433 2464 qui
458 2389 553 2444 antea
577 2379 689 2465 paucis
704 2387 803 2443 notus
817 2380 922 2444 fuerat
945 2389 979 2443 et
1002 2387 1221 2462 contemptus,
1236 2400 1276 2442 ex
1290 2379 1361 2464 ipsa
1376 2380 1524 2465 captione

328 2481 464 2566 insignis
484 2480 663 2544 habebatur
686 2489 720 2544 et
743 2479 862 2565 ubique
887 2479 1122 2564 divulgabatur.
1168 2479 1307 2558 Cotidie,
1322 2491 1361 2545 ut
1375 2491 1426 2546 est
1441 2506 1524 2563 mos,

327 2584 416 2669 vulgi
431 2583 598 2648 mendacia
612 2583 787 2648 mendaciis
803 2582 1014 2661 addebantur,
1029 2581 1147 2648 cotidie
1167 2581 1198 2646 ei
1211 2605 1297 2647 nova
1313 2583 1524 2669 imponeban-

329 2696 393 2766 tur,
408 2695 442 2751 et
451 2686 672 2773 unusquisque
688 2687 728 2750 de
752 2685 849 2750 corde
865 2706 925 2749 suo
941 2685 1146 2750 mendacium
1161 2686 1371 2771 prophetans,
1386 2687 1449 2752 hoc
1464 2688 1524 2754 Pe·

328 2797 416 2852 trum
428 2787 548 2853 dixisse
563 2787 737 2853 asserebat.

206 2889 316 2940 Moerin.
372 2890 543 2956 Exercitus
553 2891 640 2976 apud
653 2891 926 2956 Berhamdonam.

185 2997 306 3046 Mcoxiiii·
373 2992 448 3056 Hoc
471 3015 557 3057 anno
580 2993 789 3058 interdictum
811 2993 989 3058 relaxatum
1013 3000 1074 3056 est.
1120 2990 1284 3057 Robertus
1301 2992 1341 3056 de
1354 2991 1526 3057 Lindeseia

328 3097 433 3160 lactus
448 3095 548 3160 abbas
563 3097 603 3160 de
616 3096 738 3182 Burgo.

218 3198 315 3247 Mecxv.
374 3197 555 3263 Concilium
574 3199 676 3264 Rome
691 3197 886 3263 celebratum
909 3205 970 3274 est,
985 3194 1072 3260 xviii.
1088 3216 1174 3259 anno
1190 3194 1374 3259 Innocentii
1388 3215 1481 3280 pape.

211 3325 316 3372 Moexvi.
374 3299 567 3367 Lodowicus
582 3323 657 3366 cum
674 3298 806 3364 Francis
821 3298 912 3364 venit
934 3298 968 3362 in
983 3298 1145 3383 Angliam.
1190 3297 1358 3364 Johannes
1384 3319 1441 3364 rex
1456 3299 1525 3363 Αῐι-Δ

111 3404 176 3470 (sor.
185 3407 258 3454 nau.
269 3403 317 3470 ἢ)
329 3407 392 3493 glie
403 3403 494 3469 obiit.
540 3404 701 3469 Henricus
716 3401 885 3487 filiusejus
901 3411 1074 3466 coronatus
1095 3410 1146 3466 est
1160 3400 1248 3486 apud
1264 3400 1474 3465 Glovemism
1490 3401 1524 3466 in
1615 3433 1620 3442 ·

328 3511 414 3574 festo
430 3507 651 3593 apostolorum
664 3505 806 3570 Simonis
818 3514 853 3570 et
866 3505 890 3569 J
891 3504 965 3583 ude,
981 3513 1174 3588 procurante
1189 3505 1252 3568 hoo
1267 3503 1405 3568 Walone
1419 3503 1524 3590 legato

328 3621 363 3676 et
376 3611 550 3675 inducente
571 3608 741 3694 diligenter
763 3630 883 3694 regem,
906 3617 945 3672 ut
968 3628 1096 3671 crucem
1117 3605 1285 3690 acciperet,
1306 3605 1347 3669 ad
1369 3606 1524 3691 majorem

327 3714 431 3799 ipsius
445 3713 598 3798 regnique
611 3710 799 3776 tuicionem.

373 3817 517 3880 Barones
529 3814 615 3900 apud
629 3812 845 3890 Lincolniam,
860 3821 895 3876 et
904 3811 1018 3877 Pianci
1032 3811 1067 3876 in
1079 3811 1160 3876 mari
1171 3809 1257 3895 capti
1272 3818 1359 3890 sunt,
1371 3819 1405 3874 et
1416 3811 1526 3878 Ludo·

238 3905 252 3918 ⁰
277 3937 283 3950 ·
329 3919 427 3984 wicus
442 3939 497 3983 rex
513 3919 645 3983 recessit
659 3917 699 3982 ab
714 3915 841 4001 Anglia.

192 4045 316 4097 Meexvui.
376 4019 535 4084 Ranullus
561 4041 669 4085 comes
686 4018 811 4084 Cestrie
837 4027 871 4082 et
894 4016 1080 4081 Willelmus
1105 4035 1216 4081 comes
1241 4015 1281 4078 de
1308 4014 1471 4095 Ferrariis,
1494 4027 1527 4082 et

225 4129 282 4176 ffi''·
329 4125 498 4192 Johannes
522 4121 777 4188 constabularius
805 4120 942 4199 Cestrie,
972 4141 1047 4185 cum
1072 4119 1184 4185 multis
1205 4118 1274 4183 aliis
1300 4117 1416 4204 Anglie
1437 4139 1526 4204 mag-
