3812 5030
597 632 809 680 cunonrcon
827 633 1149 680 rennosunonnau.
1432 621 1473 692 47

280 783 321 848 dc
337 782 435 848 sectis
449 785 596 850 omnium
615 785 842 866 comitatuum,
857 795 1114 872 wapentacarum
1131 795 1165 851 et
1179 786 1419 872 trithingorum,
1436 788 1476 852 de

280 888 424 968 murdro,
439 887 557 952 auxilio
571 887 811 968 vicecomitum,
825 888 898 952 visu
913 890 1014 954 franci
1029 890 1137 976 plegii,
1152 899 1186 956 et
1208 889 1298 954 omni
1320 889 1382 953 alia
1399 911 1477 953 con-

281 991 453 1056 suetudine
473 999 507 1056 et
529 992 731 1076 prestscione
746 992 845 1077 regali
868 993 902 1056 in
929 993 1023 1057 terris
1050 993 1118 1056 suis
1145 993 1186 1057 de
1208 992 1477 1072 Goseberchirke,

282 1093 562 1178 Quadhaveringe,
580 1095 805 1180 Duningtona,
822 1094 1025 1173 Fiskertona,
1041 1093 1185 1172 Scotere,
1200 1091 1353 1178 'l'urleby‚
1368 1092 1478 1156 Wale·

281 1205 365 1275 cote,
389 1196 573 1276 Stanforda,
591 1205 625 1261 et
647 1197 683 1260 in
709 1198 862 1262 omnibus
885 1198 991 1276 terris,
1005 1197 1122 1276 feodis,
1144 1207 1178 1262 et
1200 1196 1373 1261 dominicis
1399 1195 1478 1274 suis,

282 1299 360 1365 dicit
385 1300 473 1386 quod
488 1301 605 1364 clamat
626 1301 698 1366 illas
720 1300 887 1366 libertates
912 1301 948 1364 in
972 1299 1094 1364 eisdem
1117 1319 1176 1384 per
1196 1307 1316 1363 cartam
1341 1297 1478 1384 predicti

284 1402 418 1467 chrici
432 1403 527 1488 regis,
542 1424 638 1488 quam
654 1403 745 1488 prius
760 1403 915 1482 ostendit,
930 1411 964 1467 et
978 1423 1040 1486 que
1054 1401 1118 1464 hoc
1132 1401 1219 1464 idem
1235 1410 1382 1465 testatur.

326 1504 372 1569 Et
386 1527 450 1590 quo
468 1505 509 1569 ad
523 1505 628 1569 furcas
644 1505 684 1598 'in
708 1505 891 1582 stenfordo,
915 1503 1108 1568 Fiskertona
1126 1525 1200 1567 cum
1222 1503 1377 1568 membris
1400 1505 1479 1582 suis,

282 1607 443 1686 videlicet,
477 1607 627 1686 liefham‚
652 1607 809 1672 Scottona
836 1605 1035 1688 (Scothorn),
1061 1604 1235 1683 Suthbroc,
1260 1616 1294 1669 et
1315 1607 1419 1670 furcas
1445 1607 1479 1668 in

285 1709 544 1776 Goseberchirke
563 1730 638 1773 cum
658 1709 813 1773 membris
834 1709 912 1788 suis,
932 1708 1064 1787 scilicet,
1086 1707 1366 1792 Quadhaveringe,
1387 1708 1481 1771 Dun-

283 1813 429 1896 ingtona‚
452 1819 486 1875 et
509 1810 610 1875 eciam
633 1811 739 1876 furcas
762 1810 796 1873 in
822 1810 964 1890 scotere,
980 1831 1043 1895 que
1069 1808 1257 1874 deserviunt
1282 1809 1425 1872 manerio
1441 1809 1482 1872 de

284 1915 463 1994 Walecote,
487 1913 566 1979 dicit
591 1914 678 1999 quod
699 1913 817 1978 clamat
840 1913 911 1976 illas
936 1913 1057 1978 ibidem
1082 1934 1121 1977 eo
1145 1911 1233 1998 quod
1257 1910 1356 1975 habet
1377 1910 1481 1973 infan-

284 2019 439 2105 genethef
451 2027 484 2084 ct
497 2017 750 2104 utfangenethef,
764 2039 823 2103 per
837 2027 958 2082 cartam
974 2017 1110 2082 Henrici
1127 2015 1317 2101 predictam,
1332 2023 1365 2079 et
1380 2015 1480 2079 eciam

285 2131 462 2188 mercatum
477 2131 512 2187 ct
525 2123 634 2186 feriam
653 2131 687 2186 et
702 2144 740 2187 ca
755 2143 817 2207 que
837 2120 878 2184 ad
901 2131 1078 2186 mercatum
1093 2130 1127 2185 et
1141 2119 1254 2184 leriam
1269 2119 1434 2204 pertinent
1447 2118 1482 2182 in

286 2223 428 2303 Scotere,
439 2245 499 2310 per
512 2225 648 2288 eandem
663 2232 797 2301 cartam,
812 2232 846 2287 et
861 2244 923 2306 que
938 2223 1001 2287 hoc
1015 2222 1101 2286 idem
1117 2231 1266 2285 testatur.

330 2327 376 2390 Et
390 2348 454 2412 quo
470 2325 511 2390 ad
526 2347 639 2411 capere
654 2325 865 2390 standardum
881 2324 921 2388 de
941 2323 1129 2387 marescallo
1145 2321 1270 2386 domini
1288 2321 1385 2405 regis,
1399 2320 1484 2399 waif,

287 2437 321 2492 ct
338 2429 491 2492 emendas
506 2427 607 2491 assisa
630 2427 723 2513 panis
738 2437 772 2491 et
787 2425 922 2490 cervisie
945 2426 1056 2504 fracte,
1072 2425 1112 2489 de
1128 2423 1281 2488 omnibus
1296 2421 1484 2486 tenentibus

287 2530 354 2594 suis
369 2530 452 2594 infra
477 2538 578 2593 terras
603 2550 678 2592 suas
702 2527 875 2613 predictas,
891 2526 969 2590 dicit
984 2525 1072 2611 quod
1096 2525 1214 2589 clamat
1234 2523 1305 2588 ilus
1320 2523 1484 2588 libertates

286 2632 327 2696 ab
347 2632 491 2718 antiquo.

331 2737 378 2801 Et
392 2757 457 2820 quo
469 2734 511 2799 ad
521 2734 675 2800 emendas
691 2733 791 2798 essise
805 2733 901 2818 panis
910 2741 944 2798 et
958 2731 1093 2797 cervisie
1104 2731 1203 2796 fracte
1213 2731 1248 2794 in
1265 2728 1438 2796 Stanforda
1452 2738 1486 2793 et

289 2837 444 2917 Graham,
459 2846 493 2902 et
508 2858 621 2922 capere
636 2835 845 2900 standardum
858 2835 898 2899 de
913 2833 1100 2898 marescallo
1116 2831 1240 2898 domini
1255 2831 1338 2916 regis
1353 2829 1487 2908 ibidem,

289 2941 369 3007 dicit
383 2941 471 3027 quod
486 2940 604 3004 clamat
617 2939 688 3002 illas
703 2937 744 3003 ab
759 2937 904 3022 antiquo.

334 3046 381 3110 Et
395 3066 460 3130 quo
475 3044 514 3107 ad
530 3043 718 3108 theloneum
733 3040 820 3125 quod
835 3049 969 3104 vocatur
989 3037 1128 3102 Thurtol
1147 3037 1181 3100 in
1208 3034 1393 3112 Stanforda,
1409 3033 1488 3098 dicit

291 3147 379 3232 quod
394 3146 512 3211 clamat
525 3143 605 3208 illud
620 3143 661 3206 ab
676 3142 820 3225 antiquo.

66 3239 276 3303 (fulmen.)
334 3248 526 3330 lDominua
541 3246 709 3312 Johannes
732 3242 994 3327 archiepiscopus
1016 3239 1191 3306 celebravit
1210 3237 1383 3304 concilium
1401 3237 1489 3323 apud

66 3329 124 3376 Hoc
135 3341 206 3374 anno.

291 3351 466 3418 Lumhithe
494 3359 571 3436 post
598 3350 718 3412 festum
748 3347 852 3410 sancti
881 3343 1063 3423 Michaelis,
1096 3342 1137 3406 ad
1167 3342 1255 3429 quod
1284 3341 1401 3406 citatus
1432 3342 1489 3405 do·

291 3455 400 3519 minus
414 3452 514 3518 abbas
540 3451 661 3517 ibidem
683 3448 819 3514 accessit
839 3445 1062 3533 personaliter.
1107 3445 1154 3510 Et
1175 3445 1251 3530 quia
1264 3453 1344 3508 tunc
1358 3443 1489 3530 quidam

168 3639 172 3647 Ι
290 3561 425 3625 clericus
439 3558 481 3622 de
497 3555 725 3640 lrtlingburgo,
740 3551 925 3618 Willelmus
940 3549 1103 3635 Campiun
1118 3548 1262 3629 nomine,
1276 3547 1399 3612 litteras
1414 3569 1489 3634 pro-

290 3661 425 3727 visorias
440 3683 460 3724 a
475 3659 551 3724 sede
562 3656 740 3744 apostolica
752 3675 811 3740 per
824 3653 932 3740 ipsum
946 3651 1136 3736 impetratas
1150 3651 1184 3714 in
1196 3651 1300 3714 forma
1311 3671 1489 3735 pauperum

291 3763 444 3847 episcopo
470 3758 639 3825 Lincolnia
662 3756 811 3834 directas,
835 3764 873 3818 ut
899 3752 1049 3817 videlicet
1071 3753 1159 3818 idem
1185 3753 1359 3837 episcopus
1384 3751 1490 3816 eidem

291 3865 457 3929 Willelmo
473 3862 635 3948 Campiun
645 3858 824 3946 providerit
832 3857 1023 3922 auctoritate
1035 3856 1212 3942 apostolica
1223 3857 1263 3920 de
1274 3855 1381 3942 aliquo
1393 3853 1491 3920 bene·

291 3967 365 4031 ficio
380 3965 595 4030 ecclesiastico
610 3957 810 4046 competenti
823 3979 899 4026 oum
913 3957 1050 4023 curavel
1060 3957 1129 4022 sine
1141 3979 1217 4023 cura
1228 3957 1270 4022 sd
1283 3966 1491 4043 patronatum

291 4066 418 4132 abbatia
442 4075 475 4129 et
499 4073 678 4130 conventus
702 4060 743 4126 de
770 4059 879 4144 Burgo
903 4057 1006 4124 sancti
1031 4059 1118 4123 Patri
1142 4067 1320 4143 spectante,
1334 4066 1432 4143 prout
1457 4055 1491 4118 in
