3938 5022
669 651 882 698 canonicos
898 653 1224 700 carnonuaonnsm
1524 639 1564 698 93

353 823 491 886 cumque
511 801 702 884 ordinando,
727 806 915 885 statuendo,
930 805 1146 886 decernendo,
1165 806 1218 870 vel
1242 804 1425 870 adversario
1446 815 1560 869 nostro

352 905 942 993 providendoattemptetis,predictas
953 908 1091 974 sedeant
1099 909 1189 995 prins
1199 907 1348 994 appello!
1353 917 1386 972 et
1394 907 1561 992 apostolos

353 1016 442 1092 peto.
467 1008 552 1074 Item
564 1030 625 1093 ego
636 1021 826 1094 procurator
839 1012 967 1078 Thome
983 1013 1192 1078 cheivilad
1204 1013 1323 1076 dictam
1337 1011 1504 1075 ecclesiam
1521 1011 1561 1076 de

356 1110 519 1196 Cloptona
537 1135 556 1176 a
574 1112 715 1178 dominis
735 1115 816 1180 meis
838 1117 1002 1201 predictis,
1017 1117 1164 1204 ejusdem
1179 1117 1312 1182 ecclesie
1334 1115 1459 1200 dejure
1474 1114 1562 1179 etde

354 1215 440 1279 facto
455 1216 598 1280 vacantis
620 1217 705 1282 veris
729 1220 887 1302 patronis,
903 1221 1056 1286 canonice
1077 1219 1266 1306 presentati,
1282 1218 1410 1303 appello
1430 1217 1564 1281 nomine

355 1318 459 1404 ipsius
472 1320 695 1405 procuratorio
710 1343 729 1384 a
748 1320 843 1384 vobis
864 1321 958 1386 sedes
974 1323 1174 1408 supradictas
1197 1343 1257 1407 pro
1280 1342 1331 1400 eo,
1346 1320 1435 1405 quod
1453 1309 1563 1404 ipsum

356 1420 516 1486 Thomam
531 1421 701 1485 dominum
726 1443 836 1486 meum
861 1422 1033 1486 distulistis
1049 1432 1183 1487 actenus
1206 1431 1319 1486 contra
1338 1421 1515 1505 justiciam,
1531 1429 1565 1484 et

356 1523 529 1588 recusastis
554 1524 595 1588 ed
617 1524 754 1588 eandem
780 1525 949 1588 ecclesiam
973 1525 1155 1604 admittere,
1169 1533 1204 1588 et
1226 1535 1385 1588 rectorem
1400 1523 1435 1587 in
1451 1524 1564 1588 cadem

357 1625 526 1689 instituere
552 1626 648 1709 juxta
673 1635 860 1690 sanctorum
887 1636 1017 1712 patrum
1051 1625 1214 1705 instituta,
1251 1635 1285 1689 et
1323 1635 1401 1710 pato
1431 1626 1565 1710 insuper

357 1726 524 1811 apostolos
540 1726 575 1789 in
590 1727 652 1790 hac
666 1735 759 1811 parte
775 1749 850 1792 cum
865 1727 1036 1792 instancia.

402 1829 686 1914 Appellationibus
705 1831 899 1914 supradictis
926 1830 973 1895 sic
992 1831 1054 1896 rite
1076 1831 1181 1910 factis,
1209 1830 1406 1916 Episcopus,
1421 1829 1485 1892 illis
1500 1851 1566 1894 non

360 1930 589 2011 obstantibus3
613 1933 779 2018 sepedicto
802 1933 970 2000 Willelmo
995 1933 1158 2020 Campiun
1186 1934 1227 1998 de
1249 1934 1373 2019 prefata
1400 1931 1561 2015 [ecclesia]

362 2035 402 2098 de
419 2035 582 2120 Cloptona
596 2036 764 2120 providere
779 2037 989 2123 presumpsit,
1011 2059 1085 2101 eum
1100 2059 1159 2122 per
1182 2037 1301 2102 librum
1325 2037 1494 2101 decadem
1517 2026 1568 2098 in-

362 2139 542 2218 vestiendo,
557 2162 595 2204 ac
609 2141 811 2206 decernendo
827 2141 966 2207 eundem
982 2141 1185 2206 Willelmum
1211 2144 1281 2206 fore
1296 2140 1516 2205 inducendum
1532 2140 1568 2204 in

363 2243 562 2327 corporalem
577 2243 819 2327 possessionem
834 2245 981 2330 ejusdem
997 2245 1142 2325 ecclesie,
1164 2255 1199 2310 et
1220 2245 1379 2310 tuendum
1395 2245 1429 2307 in
1445 2244 1568 2309 eadem.

362 2347 393 2410 A
408 2345 526 2430 quibus
548 2347 734 2431 provisione
749 2357 783 2412 et
805 2349 935 2412 decreto
950 2351 1092 2433 prelatus
1107 2359 1298 2433 procurator
1314 2349 1354 2412 de
1370 2348 1480 2431 Burgo
1495 2369 1569 2431 pre-

363 2449 465 2514 dictas
491 2450 596 2529 sedes,
619 2461 656 2514 ut
681 2473 789 2536 supra,
812 2451 969 2538 legittime
992 2453 1178 2536 appellavit,
1201 2461 1235 2516 et
1258 2451 1379 2514 scuria
1395 2449 1569 2516 Cantuarie

363 2553 508 2636 predicta
521 2552 754 2616 inhibicionem
769 2554 923 2637 optinuit,
940 2553 1001 2617 sub
1016 2553 1077 2617 hac
1090 2554 1195 2617 forma
1205 2578 1257 2616 :—

358 2714 361 2718 .
408 2657 600 2721 Reverendo
613 2657 649 2720 in
660 2656 794 2722 Christo
809 2657 893 2741 patri
908 2657 1041 2722 domino
1058 2657 1192 2722 Olivero
1208 2657 1272 2720 Dei
1287 2655 1389 2740 gratia
1400 2655 1570 2721 Lincolnie

364 2761 528 2846 episcopo,
539 2761 695 2826 Officialis
708 2761 795 2826 curie
808 2759 982 2826 Cantuarie
998 2763 1135 2826 salutem
1148 2761 1182 2826 in
1194 2761 1307 2825 salutis
1318 2769 1459 2825 auctore.
1504 2761 1571 2825 Sua

364 2863 460 2927 nobis
475 2873 663 2948 procurator
677 2863 802 2928 abbatis
818 2873 852 2928 et
866 2873 1046 2929 conventus
1062 2864 1102 2927 de
1120 2862 1229 2948 Burgo
1242 2861 1346 2926 sancti
1362 2861 1449 2925 Petri
1465 2871 1571 2927 vestre
1667 2873 1670 2878 '
1770 2883 1774 2902 ²

367 2965 505 3030 diocesis
527 2967 688 3050 peticione
703 2967 898 3030 monstravit
913 2965 1000 3049 quod
1016 2987 1090 3029 cum
1107 2965 1205 3029 iidem
1221 2962 1321 3027 abbas
1336 2971 1370 3025 et
1392 2973 1570 3027 conventus

368 3068 408 3130 ad
431 3067 598 3132 ecclesiam
621 3068 661 3132 de
679 3068 843 3153 Cloptona
865 3068 950 3132 dicte
966 3067 1105 3131 diocesis
1128 3075 1310 3144 vacantem,
1333 3073 1488 3150 tanquam
1503 3066 1572 3130 veri

368 3169 498 3254 patroni
513 3169 669 3253 ejusdem,
695 3169 789 3234 vobis
803 3171 962 3236 Thomam
979 3170 1019 3233 de
1038 3168 1173 3253 Deyvile
1188 3166 1404 3252 presbiterum
1419 3168 1572 3233 canonice

369 3281 629 3355 presentassent3
655 3295 692 3337 sc
706 3273 891 3338 Willelmus
915 3271 1023 3337 dictus
1040 3271 1200 3356 Campiun
1219 3271 1259 3336 de
1273 3269 1507 3354 Yrtlingburgo
1530 3269 1572 3334 ad

369 3395 429 3439 vos
444 3373 566 3437 litteras
582 3374 775 3459 apostolicas
791 3397 888 3460 super
903 3374 1088 3460 provisione
1103 3374 1260 3459 ejusdem,
1275 3382 1314 3437 ut
1328 3373 1453 3451 asserit,
1468 3372 1572 3456 impe-

371 3485 489 3540 trasset
498 3500 508 3554 3
533 3475 726 3541 auctoritate
741 3498 877 3562 quarum
902 3477 965 3540 sibi
985 3475 1119 3561 petebat
1133 3497 1192 3560 per
1206 3497 1265 3540 vos
1281 3474 1322 3538 de
1337 3473 1424 3538 dicta
1438 3473 1572 3539 ecclesia

369 3581 542 3666 provideri,
566 3602 606 3645 ex
629 3591 721 3666 parte
741 3581 901 3646 dictorum
925 3579 1051 3645 abbatis
1081 3589 1115 3644 et
1139 3589 1320 3644 conventus
1346 3599 1455 3642 coram
1477 3577 1571 3643 vobis

369 3685 519 3770 congmis
533 3685 605 3749 loco
621 3693 655 3750 et
679 3693 826 3770 tempore
851 3685 914 3748 fuit
939 3684 1130 3769 excipiendo
1145 3683 1361 3770 propositum,
1387 3683 1571 3766 quodcum

367 3787 492 3852 eisdem
516 3787 674 3871 religiosis
700 3809 719 3850 a
745 3788 821 3853 sede
843 3787 1021 3872 apostolice
1047 3796 1135 3850 esset
1157 3785 1322 3849 indultum
1347 3793 1386 3847 ut
1409 3784 1489 3847 nulli
1514 3806 1573 3869 per

370 3891 493 3954 litteras
523 3890 718 3975 apostolicas
747 3891 800 3955 vel
828 3891 1007 3975 legatorum
1036 3891 1183 3976 ejusdem
1214 3889 1300 3953 sedis
1324 3887 1500 3971 apostolice
1531 3888 1571 3954 de

371 3992 528 4056 beneficio
553 3993 769 4058 ecclesiastico
798 3993 850 4058 vol
878 3993 1036 4078 pensione
1066 4000 1238 4057 teneantur
1266 3991 1468 4075 aliquatenus
1497 4012 1573 4075 pro-

371 4093 491 4172 videre,
520 4095 583 4159 nisi
612 4095 646 4159 in
676 4095 797 4161 eisdem
826 4096 942 4161 litteris
972 4097 1013 4161 de
1040 4096 1169 4160 indulto
1198 4094 1388 4179 hujusmodi
1416 4093 1511 4178 plena
1540 4105 1574 4156 et

373 4219 525 4283 expressa
553 4197 679 4280 mencio
708 4198 886 4280 habeatur3
911 4223 948 4265 ac
974 4199 1014 4264 de
1040 4198 1193 4264 mandato
1215 4199 1435 4262 Romanorum
1464 4195 1573 4280 ponti·
