3938 5022
192 1461 263 1508 Visus
273 1460 350 1508 banci

194 1526 300 1587 (plagii).

411 579 472 638 116
728 592 942 638 canonicos
960 590 1286 636 erraoansosnsn.

411 743 500 808 Petri
514 744 555 808 de
571 743 681 828 Burgo
709 743 819 810 Sancti
835 743 923 810 Petri
949 741 1156 828 dispendium
1178 764 1246 808 non
1271 739 1443 805 modicum¹
1460 751 1494 805 et
1516 739 1614 806 liber·

409 847 487 910 tatis
502 867 561 910 sue
575 845 731 911 lesionem
746 847 962 925 manifestam,
975 856 1015 910 ut
1029 845 1117 910 dicit.
1162 845 1209 908 Et
1221 842 1341 908 habeas
1365 843 1411 908 ibi
1433 843 1615 909 summoni-

411 948 537 1012 cionem
552 957 587 1014 et
600 949 662 1013 hoc
676 933 785 1014 breve.
826 949 925 1014 Teste
940 948 1066 1033 meipso
1089 947 1178 1033 apud
1192 946 1412 1032 Whytefelde,
1427 969 1459 1010 x.
1475 945 1528 1011 die
1543 946 1613 1010 No·

411 1051 565 1130 rcmhris,
580 1073 665 1115 anno
680 1050 770 1135 regni
784 1049 888 1115 nostri
902 1049 981 1114 xiii⁰.

458 1152 553 1216 Istud
567 1151 664 1217 breve
678 1174 746 1216 non
760 1152 822 1216 fuit
834 1149 896 1216 sub
911 1173 983 1216 cara
998 1151 1170 1236 signatum,
1180 1151 1237 1214 sed
1252 1160 1386 1236 propter
1395 1150 1613 1236 prolixitatem

412 1255 483 1339 ejus
510 1253 713 1318 dividebatur
742 1253 776 1317 in
806 1263 945 1339 quatuor
975 1251 1126 1317 brevibus
1153 1251 1347 1318 subnotatis.
1391 1253 1500 1318 Tenor
1517 1251 1615 1339 primi

411 1357 519 1422 brevis
534 1355 607 1421 talis
622 1367 673 1422 est
684 1380 738 1420 ι-

459 1461 637 1526 Edwardus
651 1461 715 1526 Dei
729 1461 831 1547 gratia
853 1471 915 1526 etc.
930 1461 1110 1526 vicecomiti
1134 1459 1371 1526 Norbamtonie
1387 1459 1533 1525 salutem.
1578 1457 1616 1524 si

413 1564 514 1632 abbas
530 1565 570 1632 de
590 1565 701 1650 Burgo
717 1565 820 1630 sancti
836 1565 923 1630 Petri
938 1573 999 1629 etc.
1015 1574 1094 1628 tuno
1110 1575 1314 1630 summonete
1338 1574 1401 1630 etc.
1428 1563 1614 1630 Gilbertum

412 1669 453 1734 de
466 1669 560 1734 Clare
573 1677 635 1732 etc.
650 1668 736 1752 quod
753 1667 796 1731 sit
810 1677 871 1732 etc.
886 1667 927 1730 ad
941 1667 1077 1751 primam
1090 1667 1223 1730 assisam
1235 1677 1296 1732 etc.
1312 1678 1502 1731 ostensurus
1517 1687 1615 1751 quaro

192 1787 250 1852 (sor.
262 1803 309 1838 m.
320 1789 364 1854 a.)
413 1770 587 1836 cumidem
605 1769 705 1834 abbas
720 1770 848 1835 racione
862 1775 875 1850 l
891 1779 965 1834 octo
974 1771 1217 1834 hundredorum
1233 1791 1376 1847 suorum,
1388 1790 1450 1852 que
1464 1769 1498 1832 in
1515 1770 1615 1833 corni-

412 1881 483 1938 tatu
503 1870 653 1936 danobis
679 1881 770 1936 tenet
794 1872 966 1956 incapite,
992 1872 1099 1936 visum
1126 1872 1226 1936 franci
1250 1872 1348 1957 plegii
1363 1872 1403 1935 de
1426 1871 1614 1937 hominibus

412 1971 548 2058 predicti
563 1973 691 2038 comitis
719 1973 759 2036 de
775 1973 918 2036 Bartona
935 1973 1068 2038 Hanred
1083 1983 1117 2038 et
1131 1974 1201 2038 aliis
1216 1974 1301 2039 villis
1316 1975 1398 2038 infra
1413 1975 1613 2059 precinctum

412 2075 631 2160 predictorum
646 2075 889 2139 hundredorum
905 2074 1042 2160 predicti
1064 2073 1190 2140 abbatis
1214 2077 1501 2156 commorantibus,
1517 2077 1613 2142 simul

411 2200 487 2246 cum
511 2179 647 2244 emenda
672 2177 964 2263 transgressionum
988 2199 1047 2262 per
1070 2177 1161 2262 ipsos
1186 2179 1335 2243 homines
1361 2189 1473 2245 contra
1496 2181 1613 2245 assises

411 2283 506 2368 panis
521 2292 555 2348 et
569 2282 702 2347 cervisie
717 2283 873 2346 factarum
897 2290 1007 2346 tenere
1030 2290 1064 2345 et
1088 2281 1206 2346 habere
1229 2281 1355 2362 debeat,
1381 2283 1466 2348 sicut
1479 2283 1613 2350 abbates
1684 2349 1686 2356 ,

412 2385 453 2450 de
476 2387 585 2470 Burgo
610 2385 713 2449 sancti
739 2385 826 2450 Petri
849 2385 1092 2470 predecessores
1119 2385 1255 2469 predicti
1277 2385 1404 2451 abbatis
1429 2409 1487 2474 per
1510 2398 1613 2458 cartas

411 2488 675 2572 predecessorum
700 2497 886 2552 nostrorum
906 2507 1019 2571 regum
1044 2487 1172 2571 Anglie,
1196 2510 1275 2572 quas
1300 2489 1387 2554 idem
1411 2489 1511 2554 abbas
1536 2491 1612 2558 indo

411 2590 520 2668 habet,
534 2589 723 2674 hujusmodi
737 2589 843 2653 visum
858 2600 890 2653 et
911 2590 1065 2654 emendas
1088 2589 1129 2653 de
1154 2591 1307 2675 predictis
1330 2591 1516 2656 hominibus
1540 2616 1613 2678 pre-

412 2690 490 2755 dicti
505 2691 633 2756 comitis
648 2701 757 2756 tenere
772 2702 806 2756 et
820 2690 939 2756 habere
953 2702 1201 2772 consueverunt,
1227 2692 1313 2757 idem
1328 2715 1436 2757 comcs
1451 2697 1611 2778 prefatum

411 2794 562 2860 abbatem
591 2795 698 2860 visum
722 2795 814 2859 illum
840 2805 875 2860 et
900 2793 1066 2869 emendas,
1091 2793 1176 2858 sicut
1198 2795 1305 2861 visum
1330 2797 1420 2861 illum
1444 2807 1555 2864 tenere
1578 2811 1612 2866 et

411 2901 565 2964 emendas
587 2901 657 2965 illas
673 2899 791 2965 habere
811 2899 938 2979 debeat,
962 2907 996 2962 et
1020 2898 1264 2984 predecessores
1290 2901 1341 2966 sui
1363 2924 1419 2967 eos
1443 2913 1553 2969 tenere
1578 2916 1612 2972 et

410 3003 529 3070 habere
552 3014 811 3085 consueverunt,
837 3014 947 3068 tenere
972 3011 1006 3066 et
1030 3002 1149 3066 habere
1174 3025 1240 3068 non
1267 3005 1428 3089 permittit
1451 3007 1485 3071 in
1508 3008 1611 3094 ipsius

409 3106 536 3174 abbatis
552 3119 585 3174 et
599 3108 733 3174 ecclesie
748 3129 805 3172 sue
821 3106 924 3172 sancti
940 3106 1028 3171 Petri
1051 3105 1092 3171 de
1114 3106 1226 3191 Burgo
1249 3109 1353 3172 sancti
1370 3109 1457 3174 Petri
1481 3112 1611 3198 dispen-

409 3208 499 3274 dium
513 3230 581 3275 non
597 3211 761 3275 modicum
776 3219 810 3273 et
823 3208 980 3274 libertatis
996 3230 1054 3272 sue
1068 3207 1224 3272 lesionem
1240 3209 1455 3290 manifestam,
1470 3223 1509 3276 ut
1523 3215 1610 3282 dicit.

410 3313 457 3379 Et
470 3312 590 3377 habeas
604 3311 650 3376 ibi
666 3309 956 3375 summonicionem
972 3320 1006 3374 et
1019 3310 1082 3374 hoc
1096 3309 1204 3374 breve.
1236 3311 1335 3376 Teste
1356 3313 1510 3399 [meipso]
1524 3316 1610 3400 apud

410 3415 541 3482 Bellum
557 3414 682 3478 Locum
699 3412 808 3496 Regis,
822 3412 887 3476 xvi.
903 3412 955 3475 die
971 3410 1178 3488 Novembris,
1193 3433 1279 3475 anno
1296 3415 1399 3499 Regni
1414 3417 1517 3480 nostri
1532 3417 1609 3484 xiiia

453 3517 562 3579 Tenor
575 3514 682 3579 brevis
697 3515 737 3578 de
752 3513 870 3598 placito
885 3513 978 3578 vetiti
992 3513 1091 3577 namii
1106 3514 1179 3578 talis
1194 3525 1245 3580 est
1254 3541 1308 3580 :-

455 3617 635 3682 Edwardus
650 3617 714 3681 Dei
736 3617 837 3701 gratia
851 3626 913 3680 etc.
928 3615 1110 3682 vicecomiti
1125 3619 1361 3684 Norhamtonie
1380 3619 1529 3686 salutem.
1574 3621 1610 3688 Si

411 3720 511 3786 abbas
527 3721 567 3785 de
583 3720 693 3805 Burgo
709 3719 811 3784 sancti
838 3719 926 3783 Petri
948 3719 1060 3783 fecerit
1076 3729 1109 3784 tc
1129 3741 1279 3785 securum
1295 3731 1357 3787 etc.
1372 3731 1451 3788 tunc
1466 3744 1609 3790 summo-

411 3835 487 3889 nete
507 3832 568 3888 etc.
586 3820 770 3887 Gilbertum
795 3819 836 3887 de
852 3821 946 3886 Clare
961 3821 1114 3886 comitem
1131 3822 1336 3890 Gloucestrie
1351 3835 1385 3890 et
1411 3825 1610 3906 Hertfordie,

413 3927 499 4014 quod
515 3926 558 3990 sit
572 3947 679 3990 coram
696 3924 884 4010 justiciariis
899 3924 1020 3989 nostris
1035 3925 1077 3989 ad
1100 3926 1237 4011 primam
1263 3930 1398 3994 assisam
1422 3941 1484 3996 etc.
1500 3941 1611 3996 osten·

412 4053 506 4098 surus
521 4053 619 4118 quare
633 4053 708 4095 curn
723 4029 808 4094 idem
820 4026 918 4092 abbas
928 4028 1057 4094 racione
1067 4029 1134 4094 viii.
1145 4029 1390 4100 hundredorum
1403 4057 1535 4101 suorum
1548 4057 1610 4121 que

410 4136 443 4204 in
460 4135 614 4204 comitatu
630 4135 776 4221 predicto
791 4132 831 4197 de
847 4131 941 4197 nobis
958 4143 1047 4197 tenet
1061 4133 1093 4198 in
1111 4136 1226 4220 capite,
1237 4137 1394 4224 placitum
1404 4139 1497 4208 vetiti
1512 4137 1611 4206 namii
