3894 5024
670 646 883 696 concurses
900 645 1226 698 rnrnoeunonnss.
1492 631 1549 694 141

353 817 424 881 pro.
439 820 467 862 c.
483 797 595 864 solidis
619 801 792 866 reddendis
814 801 996 868 vicecomiti
1019 798 1266 866 Huntendonie.
1310 795 1409 863 Teste
1423 797 1552 864 Thema

354 899 543 964 cancellario
558 902 645 986 apud
662 903 894 970 Hertiordiam.

398 1003 490 1068 Dicit
503 1003 600 1068 etiam
617 1008 704 1090 quod
719 1005 760 1070 ad
774 1028 908 1092 presens
923 1028 990 1072 non
1005 1007 1113 1072 reddit
1125 1026 1186 1092 pro
1201 1003 1289 1070 dicto
1303 1001 1474 1069 hundredo
1489 1001 1553 1068 nisi

355 1207 498 1272 maneria
519 1209 604 1274 infra
617 1210 819 1295 precinctum
834 1211 1007 1292 hundredi,
1022 1211 1147 1276 scilicet
1172 1209 1390 1275 Alwoltonsm
1405 1217 1440 1272 et
1465 1207 1554 1274 Flet-

355 1317 478 1391 tonam,
501 1312 542 1376 de
568 1313 686 1397 quibus
709 1314 835 1380 solebat
857 1315 1023 1400 percipere
1046 1313 1161 1398 viginti
1182 1312 1304 1377 solidos
1324 1311 1364 1376 ad
1389 1311 1554 1377 contribu-

355 1413 482 1480 cionem
496 1416 715 1501 predictorum
731 1439 759 1482 c.
775 1417 963 1483 solidorum.
1008 1417 1055 1481 Et
1078 1415 1158 1480 dicit
1183 1415 1271 1500 quod
1293 1423 1440 1499 tempore
1456 1415 1554 1500 Regis

356 1515 485 1581 Ricardi
500 1517 640 1581 cessavit
653 1517 758 1601 prims
773 1518 896 1586 solucio
911 1518 1130 1603 predictorum
1145 1537 1199 1581 xx.
1217 1516 1406 1597 solidorum,
1420 1525 1455 1582 et
1476 1517 1554 1582 ailo·

355 1629 470 1682 cantur
482 1617 666 1684 vicecomiti
681 1641 779 1704 super
793 1630 983 1706 compotum
1000 1643 1106 1686 snum.

133 1714 302 1765 somenam.
399 1719 446 1785 Et
460 1741 525 1805 quo
546 1721 587 1784 ad
602 1721 809 1788 hundredum
825 1724 865 1788 de
880 1725 1102 1790 Normancros
1119 1721 1288 1789 Gilbertus
1301 1723 1342 1788 de
1356 1724 1554 1801 Torentons,

356 1823 412 1909 qui
437 1823 584 1910 sequitur
608 1846 669 1911 pro
690 1827 791 1912 Rege,
818 1826 897 1892 dicit
921 1828 1009 1911 quod
1032 1848 1073 1892 ex
1099 1847 1165 1912 qno
1187 1826 1374 1894 continetur
1398 1826 1433 1890 in
1457 1825 1554 1891 cartis

356 1927 483 2012 Regum
497 1927 585 2012 quod
600 1928 765 2014 predictus
779 1927 880 1996 abbas
894 1930 1029 1996 reddere
1044 1929 1143 1996 debet
1157 1951 1186 1996 c.
1202 1929 1325 1995 solidos
1348 1950 1476 1995 annuos
1492 1947 1554 2013 pro

356 2028 443 2094 dicto
458 2030 640 2096 hundredo.
684 2031 731 2098 Et
755 2032 920 2117 predictus
947 2032 1047 2098 abbas
1062 2031 1216 2118 cognovit
1230 2031 1318 2117 quod
1332 2039 1409 2117 post
1423 2040 1554 2115 tempus

131 2137 194 2198 (for.
207 2137 282 2186 ess-ai.
294 2141 340 2201 e.)
357 2131 456 2218 Regis
468 2133 598 2199 Ricardi
612 2157 680 2200 non
695 2136 838 2202 reddidit
851 2136 915 2200 nisi
930 2133 1158 2202 tantummodo
1173 2133 1230 2199 iiii.
1245 2135 1374 2215 libras,l
1382 2135 1510 2198 videtur
1525 2131 1555 2198 ei

355 2234 443 2320 quod
472 2235 513 2299 de
542 2235 689 2320 predicto
714 2237 885 2304 hundredo
907 2239 1046 2322 gaudere
1074 2259 1139 2302 non
1165 2237 1274 2316 debet,
1297 2237 1361 2301 nisi
1384 2235 1555 2300 ostendere

354 2338 475 2423 poterit
489 2337 619 2424 aliquod
643 2339 782 2426 speciale
796 2339 901 2424 regale
926 2340 1048 2404 factum
1064 2359 1122 2424 per
1136 2339 1224 2423 quod
1249 2338 1335 2402 licite
1349 2337 1456 2423 possit
1479 2335 1556 2401 reti·

356 2460 432 2505 nere
446 2440 609 2525 predictos
624 2463 678 2507 xx.
695 2441 826 2506 solidos.
871 2441 917 2504 Et
933 2461 1030 2526 super
1043 2439 1106 2506 hoc
1121 2440 1217 2503 datus
1232 2448 1283 2504 est
1297 2439 1327 2504 ei
1338 2439 1407 2504 dies
1422 2438 1455 2502 in
1468 2459 1556 2503 cras·

358 2541 428 2611 tino
444 2544 547 2610 sancti
561 2544 692 2610 Andrae
706 2545 747 2610 ad
763 2543 977 2624 scaccarium,
992 2543 1033 2608 ed
1055 2563 1153 2630 quem
1168 2541 1254 2607 diem
1270 2541 1360 2606 venit
1382 2540 1483 2605 abbas
1497 2561 1556 2626 per

357 2655 567 2712 attornatnm.
612 2647 658 2712 Et
677 2648 773 2712 datus
792 2655 844 2712 est
863 2646 893 2711 ei
908 2646 978 2711 dies
1000 2645 1035 2711 in
1057 2645 1181 2712 octabis
1205 2644 1455 2725 Purifioationis,
1469 2665 1556 2708 anno

357 2751 447 2836 regni
462 2752 560 2837 Regis
576 2751 728 2818 Edwardi
742 2750 801 2816 filii
815 2750 914 2836 Regis
931 2749 1066 2816 Henrici
1080 2761 1147 2816 xv⁰.
1159 2761 1193 2815 et
1206 2743 1286 2816 tunc'
1300 2749 1335 2813 in
1350 2749 1448 2836 pleno
1460 2748 1556 2815 Scae-

356 2853 442 2918 cario
468 2854 555 2939 apud
577 2853 920 2933 westmonasterium,
939 2873 1048 2920 coram
1071 2853 1297 2932 Thesaurario,
1322 2851 1500 2918 baronibus
1522 2860 1556 2916 et

352 2955 539 3041 justiciariis
555 2955 678 3022 domini
704 2955 811 3040 Regis,
833 2965 900 3020 tam
916 2955 957 3020 de
973 2955 1094 3021 Itinere
1110 2953 1206 3039 quem
1223 2956 1263 3019 de
1278 2963 1416 3038 utroque
1432 2953 1556 3031 Banco,

355 3057 446 3122 venit
469 3057 635 3143 predictus
654 3056 754 3123 abbas
780 3077 838 3140 per
863 3063 1063 3120 attornetum
1080 3077 1186 3120 suum.
1231 3055 1277 3119 Et
1301 3054 1377 3138 quia
1391 3053 1555 3138 predictus

356 3157 457 3224 abbas
480 3181 547 3224 non
572 3159 682 3246 potuit
707 3159 855 3224 dedicere
870 3156 1129 3222 subtraccionem
1155 3156 1376 3242 predictorum
1399 3177 1453 3220 xx.
1480 3155 1556 3220 soii·

358 3262 475 3327 dorum
496 3283 593 3347 super
608 3271 728 3328 cartam
744 3282 851 3326 coram
870 3259 1061 3347 justiciariis
1084 3262 1203 3326 factam
1226 3281 1285 3344 per
1309 3259 1556 3345 predecessores

356 3385 445 3446 suos,
469 3387 566 3450 quarn
590 3364 721 3449 quidem
745 3361 1002 3430 subtraccionem
1024 3361 1191 3447 predictus
1216 3359 1316 3426 abbas
1342 3381 1447 3445 usque
1468 3381 1557 3426 nune

357 3476 504 3554 tempore
534 3490 594 3534 suo
624 3465 835 3546 continuavit,
865 3475 899 3532 et
929 3464 1092 3530 sufficiens
1120 3471 1299 3530 warentem
1336 3485 1396 3548 pro
1425 3485 1460 3530 se
1488 3485 1556 3529 non

359 3570 505 3635 ostendit
529 3569 618 3655 quod
642 3569 805 3655 predictos
828 3589 882 3632 xx.
907 3566 1028 3632 solidos
1055 3587 1112 3652 per
1134 3587 1304 3632 assensum
1328 3565 1431 3651 ipsius
1458 3565 1557 3651 Regis

357 3672 410 3737 vel
446 3673 689 3758 progenitorum
727 3693 860 3736 suorum
897 3669 960 3735 sibi
989 3668 1127 3736 retinere
1155 3669 1265 3755 potuit
1293 3677 1355 3734 etc.
1408 3669 1454 3733 Et
1482 3668 1559 3754 quia

358 3774 559 3859 recognitum
573 3783 624 3840 est
639 3774 727 3860 quod
738 3772 838 3838 abbas
850 3772 891 3838 de
904 3772 1014 3858 Burgo
1031 3771 1135 3837 sancti
1147 3770 1235 3836 Petri
1246 3770 1298 3836 vel
1312 3769 1557 3856 predecessores

360 3875 410 3940 sui
433 3898 576 3962 unquam
600 3877 741 3963 aliquam
766 3877 949 3942 libertatem
976 3875 1111 3962 Regiam
1135 3873 1322 3940 habuerunt
1345 3874 1381 3938 in
1406 3873 1492 3939 villis
1516 3874 1558 3940 de

359 3979 542 4044 Aiwoltone
556 3991 591 4046 et
606 3982 768 4062 Flettona,
779 3981 843 4045 nisi
858 4002 916 4065 per
928 3988 1047 4045 cartam
1065 3978 1163 4064 Regis
1180 3977 1325 4057 Henrici,
1335 3999 1400 4063 quo
1412 3987 1558 4064 tempore

359 4091 454 4146 antea
468 4082 712 4167 predecessores
732 4081 859 4147 abbatis
882 4082 922 4146 de
936 4081 1076 4146 Tomeia
1095 4081 1273 4146 extiterunt
1298 4081 1332 4144 in
1359 4080 1487 4166 seysina
1501 4099 1559 4163 per

359 4192 479 4250 cartam
500 4183 637 4271 predicti
652 4185 810 4251 Willelmi
826 4185 923 4270 Regis
938 4185 1139 4270 Anglorum3
1163 4184 1209 4248 ita
1223 4183 1311 4270 quod
1326 4191 1397 4249 toto
1412 4192 1559 4266 tempore
