3812 5030
599 635 812 682 ennonrcos
831 637 1159 686 puruonuuonnsu.
1441 631 1483 688 43

42 783 206 894 ¹²⁶3qu
327 781 372 848 Et
386 783 485 849 obbas
500 783 592 849 venit
611 795 646 851 et
659 787 805 852 defendit
815 789 871 873 jus
893 809 989 854 suum
1004 792 1147 874 quando,
1160 801 1223 858 etc.
1239 801 1272 858 et
1286 793 1370 858 dixit
1395 797 1483 880 quod

41 850 80 894 ’Β
120 853 158 894 ‘¹⁸
282 887 415 952 domino
430 887 496 972 regi
510 885 600 951 nulla
613 890 770 974 competit
784 891 872 956 accio
887 890 921 954 in
939 891 1002 956 hoc
1017 914 1104 958 casu.
1148 894 1243 960 Dixit
1269 905 1378 961 autem
1394 899 1482 982 quod

43 996 252 1046 edwardum
282 1001 413 1052 sanctus
439 988 638 1054 Eadwardus
663 1012 720 1055 rex
745 991 862 1077 Anglie
897 993 988 1056 dedit
1018 995 1201 1078 predictum
1231 999 1410 1064 manerium
1440 1000 1481 1066 de

282 1090 415 1156 Scotere
440 1113 513 1156 cum
544 1092 752 1177 pertinenciis
782 1095 910 1160 cuidam
941 1095 1081 1174 Lefrico,
1105 1097 1269 1181 quondam
1299 1098 1409 1164 abbati
1440 1101 1481 1166 de

281 1194 391 1278 Burgo
415 1193 519 1258 sancti
543 1195 641 1275 Petri,
657 1197 877 1281 predecessori
900 1197 986 1262 illius
1009 1197 1147 1279 abbatis,
1161 1220 1219 1283 per
1240 1210 1360 1265 cartam
1376 1224 1479 1282 suam,

279 1319 375 1382 quam
392 1297 524 1382 profert,
539 1308 573 1362 et
587 1321 649 1384 que
663 1299 726 1366 hoc
740 1301 826 1364 idem
841 1309 989 1366 testatur.

42 1396 65 1442 ῑ
84 1395 236 1444 ἮΕΘῙΝ·
323 1400 369 1464 Et
398 1400 590 1484 dicitquod
618 1412 733 1486 postea
758 1401 946 1467 Willelmus
982 1401 1189 1488 conquestor
1214 1404 1330 1490 Anglie
1356 1407 1478 1470 donum

44 1475 106 1508 Μ’
278 1501 359 1566 illud
386 1502 590 1568 confirmavit
612 1523 671 1588 per
695 1513 816 1569 cartam
841 1527 943 1584 suam,
967 1527 1064 1590 quam
1087 1506 1221 1590 profert,
1245 1517 1279 1571 et
1305 1529 1366 1591 que
1391 1508 1478 1572 idem

279 1613 429 1670 testatur.

43 1723 86 1771 11.
101 1723 256 1774 wuuormua
323 1707 370 1770 Et
394 1707 473 1772 dicit
487 1707 575 1792 quod
589 1706 774 1772 Willelmus
795 1707 881 1772 filius
907 1707 1054 1792 ejusdem
1069 1707 1226 1774 Willelmi
1249 1710 1372 1774 donum
1398 1711 1479 1776 iilud

279 1808 427 1874 similiter
441 1809 645 1874 confirmavit
666 1830 725 1895 per
746 1818 867 1874 cartam
893 1831 997 1888 suam,
1012 1831 1108 1894 quam
1133 1811 1266 1895 profert,
1281 1821 1392 1896 etque
1415 1813 1478 1877 hoc

278 1911 363 1976 idem
380 1921 527 1976 testatur.

44 2015 220 2092 triennem,
322 2015 369 2078 Et
383 2013 462 2080 dicit
481 2015 569 2100 quod
583 2014 746 2080 Henricus
757 2036 814 2080 rex
826 2035 938 2094 senex,
950 2013 1108 2080 Ricardus
1119 2015 1204 2080 filius
1216 2017 1298 2101 ejus,
1307 2017 1330 2082 J
1332 2018 1477 2083 ohannes

44 2081 186 2204 iffi&
278 2118 376 2182 frater
404 2118 486 2202 ejus,
500 2139 591 2203 reges
617 2118 743 2203 Anglie,
767 2118 950 2203 predictum
976 2118 1100 2184 donum
1124 2118 1397 2184 confirmaverunt
1420 2142 1478 2205 per

44 2224 127 2271 ’Ψ
277 2231 391 2301 cartas,
406 2243 486 2306 quas
501 2222 634 2306 profert,
649 2243 711 2306 que
725 2223 789 2286 hoc
803 2222 889 2286 idem
905 2231 1077 2286 testantur.

44 2325 100 2372 111.
113 2325 241 2374 Hennam
322 2323 439 2388 Postea
453 2323 577 2408 profert
591 2333 712 2387 cartam
727 2323 851 2387 domini
868 2323 1003 2386 Henrici
1020 2322 1114 2407 regis,
1129 2322 1230 2407 patris
1246 2322 1369 2387 domini
1391 2324 1475 2408 regis

276 2447 374 2505 nunc,
390 2426 430 2490 de
448 2426 709 2505 confirmacione,
726 2447 789 2511 que
809 2433 948 2490 testatur
963 2426 1050 2510 quod
1072 2426 1160 2490 idem
1183 2447 1241 2490 rex
1265 2426 1428 2490 concessit
1442 2437 1476 2491 et

275 2539 362 2594 cama
377 2553 435 2594 sua
450 2529 653 2594 confirmavit
674 2531 748 2594 Deo
763 2539 797 2593 et
814 2527 909 2594 beato
925 2529 1022 2593 Petro
1037 2539 1071 2594 et
1085 2529 1281 2594 monasterio
1297 2529 1338 2592 de
1353 2529 1475 2613 Burgo,

274 2631 383 2698 abbati
397 2642 432 2698 et
445 2632 592 2718 ejusdem
606 2632 670 2697 loci
684 2631 870 2711 conventui,
885 2632 1064 2696 manerium
1080 2632 1121 2697 de
1144 2631 1276 2698 Scotere
1290 2631 1326 2694 in
1339 2630 1475 2696 liberam

273 2747 308 2801 et
330 2746 519 2822 perpetuam
545 2735 766 2800 elemosinam.
821 2735 944 2799 Datum
970 2734 1058 2820 apud
1077 2733 1318 2799 Windlesoram
1341 2735 1397 2798 xii.
1421 2733 1473 2798 die

273 2837 375 2919 Junii,
397 2861 484 2904 anno
504 2838 594 2924 regni
618 2838 669 2902 sui
694 2837 825 2902 xxxvii.
871 2837 917 2902 Et
932 2838 1011 2904 dicit
1025 2838 1113 2924 quod
1128 2839 1198 2924 ipse
1213 2847 1247 2902 et
1262 2859 1375 2903 omnes
1400 2858 1474 2922 pre-

273 2941 458 3006 decessores
482 2941 533 3004 sui
558 2963 577 3004 a
600 2949 746 3026 tempore
762 2941 865 3006 sancti
880 2941 1051 3006 Eadwardi
1074 2941 1251 3026 supradicti
1275 2962 1334 3026 per
1349 2941 1473 3003 donum

272 3042 352 3106 illud
379 3043 448 3107 sine
473 3043 579 3128 aliqua
600 3043 839 3128 interrupcione
861 3043 994 3108 fuerunt
1017 3043 1052 3108 in
1075 3042 1237 3128 seysinam
1261 3044 1301 3107 de
1326 3041 1472 3126 predicto

273 3145 427 3225 manerio,
441 3145 505 3208 nisi
519 3145 635 3209 fuisset
648 3153 794 3230 tempore
816 3166 929 3229 guerre
943 3147 996 3210 vel
1010 3155 1157 3231 ternpore
1171 3145 1364 3223 vocacionis,
1378 3153 1417 3206 ut
1431 3143 1471 3208 de

271 3247 369 3314 feodo
384 3257 418 3313 et
441 3248 513 3333 jure
528 3247 661 3312 ecclesie
676 3268 733 3311 sue
747 3247 902 3332 predicte.
945 3248 992 3312 Et
1015 3249 1102 3314 unde
1121 3248 1244 3333 precise
1259 3247 1405 3312 defendit
1416 3247 1470 3330 jus

271 3352 374 3437 ipsius
398 3351 522 3416 domini
546 3350 630 3435 regis
657 3359 691 3414 et
713 3350 876 3431 seisinam,
891 3359 926 3414 et
948 3359 1066 3430 totum,
1081 3361 1142 3416 etc.
1187 3351 1233 3415 Et
1257 3350 1351 3436 ponit
1376 3370 1411 3413 se
1436 3348 1471 3412 in

267 3455 408 3540 juratam
444 3453 547 3540 patrie
586 3453 659 3518 loco
693 3475 810 3538 magne
846 3452 947 3519 assise
985 3453 1110 3520 domini
1146 3454 1230 3540 regis
1270 3453 1471 3538 capiendam.

269 3557 317 3621 Et
341 3558 425 3643 petit
449 3557 619 3623 recordum
642 3555 722 3635 fieri,
747 3565 857 3620 utrum
890 3555 961 3640 ipse
990 3556 1096 3641 majus
1116 3557 1172 3642 jus
1196 3555 1314 3620 habeat
1339 3555 1472 3620 tenendi

269 3660 451 3743 predictum
467 3658 646 3723 manerium
661 3657 702 3723 de
718 3657 861 3737 Scotere,
876 3657 962 3722 siout
976 3657 1056 3722 illud
1076 3666 1177 3737 tenet,
1193 3677 1290 3741 quam
1305 3657 1470 3741 predictus

270 3781 340 3842 rex,
355 3771 417 3828 etc.
462 3763 509 3827 Et
523 3762 592 3828 dies
608 3761 703 3826 datus
720 3770 771 3825 est
796 3761 849 3825 hic
873 3782 892 3824 a
915 3760 968 3825 die
983 3761 1107 3825 Pascha
1127 3760 1163 3825 in
1185 3781 1288 3824 unum
1314 3781 1471 3824 mensem.

271 3862 317 3925 Et
331 3864 460 3928 interim
475 3863 674 3949 loquendum
694 3884 768 3927 cum
795 3861 928 3926 domino
954 3883 1028 3946 rege
1056 3861 1084 3925 si
1109 3861 1179 3947 ipse
1205 3881 1319 3945 capere
1334 3859 1472 3924 voluerit

270 3963 517 4049 inquisicionem
532 3965 782 4031 contrafactum
796 3972 848 4028 tot
861 3963 1126 4047 predecessorum
1141 3983 1287 4040 suorum,
1301 3971 1362 4027 etc.

50 4085 259 4156 (otimiano.)
315 4065 417 4147 (Quo
432 4077 585 4132 werento.

51 4177 194 4238 Kotenna
317 4171 402 4236 Item
418 4171 532 4235 eodem
548 4179 695 4255 tempore
721 4167 821 4234 abbas
838 4169 1058 4234 summonitus
1074 4169 1135 4234 fuit
1156 4189 1265 4234 coram
1286 4166 1473 4258 justiciariis
