3938 5022
407 620 448 680 68
724 633 937 678 cuaourcou
955 631 1282 678 ruraoauauauss.

407 788 622 869 Brumphona,
633 785 814 870 justiciarii,
829 785 920 871 prius
942 785 983 850 ad
1005 794 1113 870 partes
1130 783 1230 868 Burgi
1244 782 1413 860 venerint3
1435 789 1470 844 et
1491 779 1532 843 ab
1552 779 1608 844 illo

407 889 458 953 die
473 910 577 972 usque
591 911 611 952 e
625 887 677 953 die
693 887 816 954 Pasche
830 887 863 951 in
880 909 933 952 xv.
949 887 1019 952 dies
1034 886 1169 972 ponitur
1188 886 1298 971 jurata
1322 884 1357 948 in
1377 893 1529 967 respectu
1543 881 1607 946 nisi

406 991 429 1057 J
430 992 575 1056 ohannes
590 990 630 1055 de
645 990 790 1055 Luvetot
803 989 856 1054 vel
870 987 1056 1053 Willelmus
1072 988 1113 1052 de
1136 989 1343 1072 Brumptona
1368 995 1430 1051 etc.
1445 994 1483 1049 ut
1498 1005 1606 1069 supra,

406 1091 603 1180 quianullus
621 1092 803 1177 juratorum
819 1090 911 1155 venit
932 1099 994 1154 etc.
1038 1091 1182 1156 Demum
1195 1091 1287 1156 venit
1300 1089 1466 1176 predictus
1480 1085 1607 1151 Willel-

406 1219 480 1261 mus
502 1196 543 1260 de
567 1195 772 1280 Brumptona
795 1192 883 1280 apud
907 1193 1053 1279 Burgum
1078 1194 1112 1258 in
1128 1194 1269 1260 crastino
1292 1193 1393 1258 clausi
1415 1190 1540 1257 Pasche
1564 1187 1606 1253 ad

405 1297 602 1363 audiendum
616 1305 651 1361 et
671 1295 885 1382 judicandum
909 1317 1007 1382 super
1031 1296 1198 1382 premissis
1224 1295 1404 1361 secundum
1418 1313 1606 1380 processum

406 1409 625 1488 prenotatam,
643 1400 822 1465 secundum
844 1399 927 1485 juris
951 1399 1169 1486 exigendum,
1193 1400 1234 1464 ad
1249 1422 1347 1486 quem
1369 1398 1455 1463 diem
1470 1393 1606 1482 predicti

406 1504 579 1570 adversarii
598 1503 724 1569 abbatis
738 1505 885 1570 fecerunt
900 1503 1065 1584 debltam,
1079 1513 1113 1570 et
1133 1513 1326 1589 preceptum
1348 1511 1400 1568 est
1423 1500 1511 1586 quod
1533 1519 1606 1585 pre·

407 1607 531 1672 dictum
546 1604 632 1671 diem
648 1627 744 1669 suum
768 1613 961 1671 servassent.
1009 1606 1063 1670 Ad
1077 1627 1175 1690 quem
1190 1606 1277 1672 diem
1292 1626 1406 1671 omnes
1421 1601 1559 1688 predicti
1573 1606 1607 1664 et

406 1711 501 1797 plegii
530 1708 581 1774 sui
606 1709 640 1773 in
665 1708 883 1774 misericordia
908 1709 983 1795 quia
1006 1731 1074 1774 non
1096 1711 1230 1774 fuerunt
1252 1707 1427 1795 prosecuti,
1448 1715 1483 1772 et
1504 1703 1605 1770 abbas

406 1813 540 1880 recessit
555 1813 625 1877 sine
640 1813 693 1876 die
708 1821 742 1877 ct
755 1811 855 1877 habet
869 1823 1039 1877 returnum
1054 1813 1244 1879 averiorum.

184 1939 379 2009 (soleatus.)
450 1914 558 1996 [Item
579 1914 666 1978 ahud
689 1915 844 1999 placitum
859 1915 945 1979 inter
968 1914 1103 1981 eosdem
1128 1917 1168 1981 de
1190 1915 1297 2002 porcis
1311 1915 1374 1980 fuit
1397 1913 1604 1980 terminatum

406 2019 521 2085 eodem
537 2026 695 2102 tempore,
709 2018 802 2104 cujus
816 2039 989 2103 processus
1004 2017 1199 2084 subnotatur
1212 2021 1275 2084 hoc
1289 2019 1398 2084 modo.
1444 2015 1583 2082 Undele.

185 2142 368 2220 Nprhsmunis
448 2120 561 2186 Abbas
591 2121 632 2186 de
664 2120 775 2206 Burgo
805 2121 909 2186 sancti
936 2120 1034 2201 Petri,
1062 2122 1206 2188 Thomas
1235 2122 1374 2188 ballivus
1398 2121 1439 2188 de
1465 2117 1605 2194 Undele,

185 2223 256 2257 scus.

182 2298 336 2348 lurotulscio.

407 2224 602 2290 Matefridus
633 2223 753 2310 Barlig,
784 2223 946 2290 Henricus
972 2225 1003 2290 le
1032 2225 1161 2290 Messer
1186 2225 1227 2290 de
1253 2225 1382 2293 Undele
1415 2217 1606 2290 summoniti

405 2329 537 2394 fuerunt
551 2328 593 2393 sd
607 2328 871 2414 respondendum
887 2327 1035 2394 Galfrido
1051 2329 1091 2394 de
1107 2330 1140 2394 N
1142 2330 1346 2396 orhamtouia
1360 2338 1394 2395 et
1408 2329 1430 2395 J
1432 2325 1554 2394 ohanui
1564 2322 1605 2387 de

406 2428 546 2494 Milham
572 2429 613 2494 de
638 2431 758 2516 placito
785 2451 883 2516 quare
908 2442 1066 2516 oeperunt
1091 2431 1197 2496 averia
1221 2431 1368 2516 ipsorum
1398 2427 1537 2496 Gslfridi
1571 2433 1605 2489 et

403 2533 576 2612 Johannis,
591 2543 626 2597 et
650 2555 689 2598 es
713 2533 834 2618 injuste
861 2533 1071 2598 detinuerunt
1096 2543 1209 2598 contra
1223 2535 1317 2599 vadis
1339 2543 1374 2598 et
1395 2532 1519 2618 plegios
1541 2538 1603 2594 etc.

277 2675 286 2692 .
403 2635 450 2698 Et
465 2635 551 2699 unde
564 2635 701 2719 predicti
718 2634 883 2698 Galfridus
898 2646 932 2699 et
954 2636 977 2700 J
978 2637 1115 2700 ohannis
1130 2646 1310 2720 queruntur
1324 2636 1411 2721 quod
1437 2633 1603 2720 predictus

187 4178 317 4240 Allegacio.

402 2735 503 2802 abbas
533 2758 591 2821 per
618 2736 783 2821 predictos
808 2737 981 2815 Thomam,
1012 2737 1236 2818 Matelridum,
1265 2748 1300 2803 et
1329 2737 1521 2814 Henrioum,
1551 2735 1603 2800 die

405 2838 559 2904 Mercurii
573 2841 607 2903 in
622 2838 803 2904 ebdomada
818 2839 1042 2921 Pentecostes,
1056 2862 1143 2905 anno
1158 2841 1249 2926 regni
1269 2841 1368 2926 Regis
1380 2838 1531 2904 Edwardi
1545 2837 1603 2903 ix0.

403 2942 438 3008 in
452 2942 529 3006 villa
543 2943 584 3006 de
600 2942 729 3008 Undele
743 2941 778 3006 in
793 2963 908 3028 campo
935 2943 975 3007 de
992 2943 1128 3024 cleyhil,
1143 2965 1257 3028 capere
1279 2944 1357 3010 fecit
1382 2943 1464 3008 duos
1487 2963 1603 3027 porcos

402 3045 507 3132 ipsius
523 3045 660 3112 Gallridi
686 3057 719 3111 et
734 3047 816 3112 duos
838 3069 955 3133 porcos
977 3047 1080 3133 ipsius
1100 3047 1274 3129 Johsnnis,
1288 3058 1322 3114 et
1344 3069 1400 3113 eos
1421 3046 1555 3134 fugavit,
1570 3056 1604 3112 et

402 3171 461 3235 per
474 3149 638 3234 predictos
651 3149 812 3214 Thomam
828 3161 861 3214 et
883 3149 963 3216 alios
977 3150 1081 3236 fugari
1095 3149 1173 3215 fecit
1195 3172 1300 3235 usque
1325 3151 1361 3216 in
1376 3151 1509 3216 domum
1531 3173 1604 3235 pre-

401 3251 480 3317 dicti
495 3251 622 3318 abbatis
647 3253 680 3317 in
697 3253 842 3338 predicta
856 3253 942 3334 villa,
953 3263 987 3319 et
1002 3277 1058 3319 eos
1081 3254 1202 3320 ibidem
1225 3255 1365 3320 detinuit
1384 3265 1496 3321 contra
1510 3255 1604 3318 vadia

402 3366 436 3421 et
458 3356 592 3440 plegios,
617 3378 785 3442 quousque
815 3357 983 3422 deliberati
1008 3359 1140 3422 luerunt
1162 3378 1221 3440 per
1256 3369 1446 3444 preceptum
1480 3357 1603 3421 domini

404 3457 513 3541 Regis,
527 3459 614 3521 unde
633 3458 746 3522 dicunt
760 3459 847 3542 quod
862 3459 1046 3524 deteriorati
1071 3469 1148 3524 sunt
1162 3470 1196 3523 et
1221 3461 1398 3545 dampnum
1418 3458 1540 3523 habent
1562 3459 1603 3522 sd

403 3558 581 3624 valenciam
596 3559 683 3622 iiiior.
700 3558 889 3638 solidorum,
904 3571 938 3624 et
952 3561 1028 3625 inde
1043 3562 1231 3646 producunt
1245 3573 1367 3626 sectam
1382 3571 1445 3626 etc.

447 3661 494 3724 Et
507 3659 618 3740 abbas,
633 3661 787 3740 Thomas,
811 3661 1018 3740 Matefridus,
1041 3673 1075 3726 et
1102 3663 1277 3744 Henricus,
1292 3663 1430 3728 veniunt
1443 3670 1477 3727 et
1491 3663 1604 3728 defen-

405 3763 488 3828 dunt
501 3763 568 3826 vim
583 3773 617 3827 et
631 3762 783 3847 injuriam
797 3773 860 3828 etc.
905 3763 951 3827 Et
963 3764 1077 3828 dicunt
1092 3769 1180 3850 quod
1194 3765 1259 3850 ipsi
1273 3767 1363 3852 porci
1384 3787 1451 3830 non
1472 3767 1604 3832 fuerunt

404 3886 594 3930 communes
608 3865 700 3950 ipsis,
714 3865 815 3930 immo
830 3865 966 3950 quilibet
980 3889 1093 3931 eorum
1116 3867 1231 3932 habuit
1244 3891 1381 3954 porcum
1398 3891 1494 3935 suum
1509 3893 1603 3956 apro·

406 3967 557 4054 priatum,
570 3977 606 4032 et
626 3967 690 4052 ipsi
704 3968 738 4032 in
755 3967 844 4033 brevi
858 3991 918 4032 suo
938 3969 1104 4036 dicuntae
1120 3972 1148 4036 si
1173 3973 1264 4058 porci
1278 3983 1390 4039 essent
1412 3996 1603 4040 communes

407 4069 497 4157 porci
511 4071 698 4149 eorundem,
713 4072 801 4136 unde
815 4081 933 4158 petunt
943 4073 1103 4158 judicium
1118 4076 1159 4142 de
1173 4075 1264 4142 brevi
1280 4099 1352 4158 suo,
1366 4089 1427 4145 etc.

451 4173 668 4240 Ethllridus
681 4175 887 4242 etJohannes
899 4176 1012 4243 dicunt
1026 4181 1113 4266 quod
1123 4181 1260 4268 predicti
1270 4183 1361 4269 porci
1373 4185 1504 4250 luerunt
1515 4184 1604 4270 porci
