<?xml version="1.0" encoding="UTF-8"?>
<!DOCTYPE html PUBLIC "-//W3C//DTD XHTML 1.0 Transitional//EN"
    "http://www.w3.org/TR/xhtml1/DTD/xhtml1-transitional.dtd">
<html xmlns="http://www.w3.org/1999/xhtml" xml:lang="en" lang="en">
 <head>
  <title>
</title>
<meta http-equiv="Content-Type" content="text/html;charset=utf-8" />
  <meta name='ocr-system' content='tesseract 3.04.00' />
  <meta name='ocr-capabilities' content='ocr_page ocr_carea ocr_par ocr_line ocrx_word'/>
</head>
<body>
  <div class='ocr_page' id='page_1' title='image "./chroniconpetrob01brucgoog_0044.png"; bbox 0 0 3812 5030; ppageno 0'>
   <div class='ocr_carea' id='block_1_1' title="bbox 441 609 1314 668">
    <p class='ocr_par' dir='ltr' id='par_1_1' title="bbox 441 609 1314 668">
     <span class='ocr_line' id='line_1_1' title="bbox 441 609 1314 668; baseline 0.003 -4"><span class='ocrx_word' id='word_1_1' title='bbox 441 609 482 665; x_wconf 81' lang='lat'><strong>24</strong></span> <span class='ocrx_word' id='word_1_2' title='bbox 759 623 973 667; x_wconf 79' lang='lat' dir='ltr'><strong>cunosucon</strong></span> <span class='ocrx_word' id='word_1_3' title='bbox 992 623 1314 668; x_wconf 72' lang='lat' dir='ltr'><strong>rarnoaunouxsa.</strong></span> 
     </span>
    </p>
   </div>
   <div class='ocr_carea' id='block_1_2' title="bbox 279 773 1640 1065">
    <p class='ocr_par' dir='ltr' id='par_1_2' title="bbox 279 773 1640 1065">
     <span class='ocr_line' id='line_1_2' title="bbox 439 773 1639 862; baseline 0.002 -24"><span class='ocrx_word' id='word_1_4' title='bbox 439 773 461 838; x_wconf 93' lang='lat' dir='ltr'><strong>J</strong></span> <span class='ocrx_word' id='word_1_5' title='bbox 463 774 607 839; x_wconf 90' lang='lat' dir='ltr'><strong>ohannes</strong></span> <span class='ocrx_word' id='word_1_6' title='bbox 618 774 658 839; x_wconf 93' lang='lat' dir='ltr'><strong>de</strong></span> <span class='ocrx_word' id='word_1_7' title='bbox 669 775 819 860; x_wconf 88' lang='lat' dir='ltr'><strong>Pappele.</strong></span> <span class='ocrx_word' id='word_1_8' title='bbox 844 775 948 838; x_wconf 83' lang='lat' dir='ltr'>Heres</span> <span class='ocrx_word' id='word_1_9' title='bbox 964 774 1085 838; x_wconf 91' lang='lat' dir='ltr'><strong>domini</strong></span> <span class='ocrx_word' id='word_1_10' title='bbox 1096 774 1252 838; x_wconf 90' lang='lat' dir='ltr'><strong>Willelmi</strong></span> <span class='ocrx_word' id='word_1_11' title='bbox 1264 774 1429 838; x_wconf 86' lang='lat' dir='ltr'><strong>Marmiun</strong></span> <span class='ocrx_word' id='word_1_12' title='bbox 1442 775 1482 840; x_wconf 90' lang='lat' dir='ltr'><strong>de</strong></span> <span class='ocrx_word' id='word_1_13' title='bbox 1495 775 1639 862; x_wconf 83' lang='lat' dir='ltr'><strong>Luding·</strong></span> 
     </span>
     <span class='ocr_line' id='line_1_3' title="bbox 279 887 1640 1065; baseline -0.003 -17"><span class='ocrx_word' id='word_1_14' title='bbox 279 887 559 1050; x_wconf 56' lang='lat' dir='ltr'><strong>uooelxxvii.to1llbc</strong></span> <span class='ocrx_word' id='word_1_15' title='bbox 581 1002 666 1044; x_wconf 87' lang='lat' dir='ltr'><strong>anno</strong></span> <span class='ocrx_word' id='word_1_16' title='bbox 682 1002 792 1045; x_wconf 89' lang='lat' dir='ltr'><strong>mense</strong></span> <span class='ocrx_word' id='word_1_17' title='bbox 810 980 901 1058; x_wconf 89' lang='lat' dir='ltr'><strong>Maii,</strong></span> <span class='ocrx_word' id='word_1_18' title='bbox 916 989 954 1043; x_wconf 90' lang='lat' dir='ltr'><strong>ut</strong></span> <span class='ocrx_word' id='word_1_19' title='bbox 975 979 1151 1058; x_wconf 82' lang='lat' dir='ltr'><strong>dicebatur,</strong></span> <span class='ocrx_word' id='word_1_20' title='bbox 1166 979 1248 1045; x_wconf 92' lang='lat' dir='ltr'><strong>obiit</strong></span> <span class='ocrx_word' id='word_1_21' title='bbox 1262 1002 1346 1065; x_wconf 86' lang='lat' dir='ltr'><strong>pape</strong></span> <span class='ocrx_word' id='word_1_22' title='bbox 1363 979 1542 1045; x_wconf 88' lang='lat' dir='ltr'><strong>Johannes.</strong></span> <span class='ocrx_word' id='word_1_23' title='bbox 1588 981 1640 1044; x_wconf 86' lang='lat' dir='ltr'><strong>Ita</strong></span> 
     </span>
    </p>
   </div>
   <div class='ocr_carea' id='block_1_3' title="bbox 434 1184 1639 3731">
    <p class='ocr_par' dir='ltr' id='par_1_3' title="bbox 434 1184 1639 3731">
     <span class='ocr_line' id='line_1_4' title="bbox 482 1184 1639 1270; baseline 0.001 -21"><span class='ocrx_word' id='word_1_24' title='bbox 482 1184 645 1249; x_wconf 85' lang='lat' dir='ltr'>Dominus</span> <span class='ocrx_word' id='word_1_25' title='bbox 666 1205 720 1248; x_wconf 88' lang='lat' dir='ltr'><strong>rex</strong></span> <span class='ocrx_word' id='word_1_26' title='bbox 745 1185 807 1250; x_wconf 91' lang='lat' dir='ltr'><strong>hoc</strong></span> <span class='ocrx_word' id='word_1_27' title='bbox 830 1207 915 1248; x_wconf 88' lang='lat' dir='ltr'><strong>anno</strong></span> <span class='ocrx_word' id='word_1_28' title='bbox 945 1186 1028 1250; x_wconf 89' lang='lat' dir='ltr'><strong>circa</strong></span> <span class='ocrx_word' id='word_1_29' title='bbox 1044 1187 1171 1250; x_wconf 85' lang='lat' dir='ltr'><strong>&#39;festum</strong></span> <span class='ocrx_word' id='word_1_30' title='bbox 1195 1187 1298 1250; x_wconf 87' lang='lat' dir='ltr'><strong>sancti</strong></span> <span class='ocrx_word' id='word_1_31' title='bbox 1312 1185 1474 1250; x_wconf 88' lang='lat' dir='ltr'><strong>Johannis</strong></span> <span class='ocrx_word' id='word_1_32' title='bbox 1491 1186 1639 1270; x_wconf 88' lang='lat' dir='ltr'><strong>Baptiste</strong></span> 
     </span>
     <span class='ocr_line' id='line_1_5' title="bbox 439 1287 1639 1374; baseline 0.001 -22"><span class='ocrx_word' id='word_1_33' title='bbox 439 1287 542 1352; x_wconf 85' lang='lat' dir='ltr'><strong>movit</strong></span> <span class='ocrx_word' id='word_1_34' title='bbox 575 1287 751 1351; x_wconf 86' lang='lat' dir='ltr'><strong>exereitum</strong></span> <span class='ocrx_word' id='word_1_35' title='bbox 777 1311 890 1354; x_wconf 87' lang='lat' dir='ltr'><strong>versus</strong></span> <span class='ocrx_word' id='word_1_36' title='bbox 921 1289 1071 1354; x_wconf 88' lang='lat' dir='ltr'><strong>Walliam</strong></span> <span class='ocrx_word' id='word_1_37' title='bbox 1096 1301 1209 1354; x_wconf 89' lang='lat' dir='ltr'><strong>contra</strong></span> <span class='ocrx_word' id='word_1_38' title='bbox 1238 1289 1437 1353; x_wconf 86' lang='lat' dir='ltr'><strong>Lewelinum</strong></span> <span class='ocrx_word' id='word_1_39' title='bbox 1460 1290 1639 1374; x_wconf 87' lang='lat' dir='ltr'><strong>principem</strong></span> 
     </span>
     <span class='ocr_line' id='line_1_6' title="bbox 440 1389 1639 1478; baseline 0.003 -24"><span class='ocrx_word' id='word_1_40' title='bbox 440 1389 567 1454; x_wconf 87' lang='lat' dir='ltr'><strong>Wsllie.</strong></span> <span class='ocrx_word' id='word_1_41' title='bbox 612 1391 658 1453; x_wconf 88' lang='lat' dir='ltr'><strong>Et</strong></span> <span class='ocrx_word' id='word_1_42' title='bbox 686 1390 731 1454; x_wconf 94' lang='lat' dir='ltr'><strong>ibi</strong></span> <span class='ocrx_word' id='word_1_43' title='bbox 760 1393 837 1457; x_wconf 82' lang='lat' dir='ltr'><strong>fecit</strong></span> <span class='ocrx_word' id='word_1_44' title='bbox 858 1393 968 1458; x_wconf 86' lang='lat' dir='ltr'><strong>venire</strong></span> <span class='ocrx_word' id='word_1_45' title='bbox 994 1403 1099 1457; x_wconf 90' lang='lat' dir='ltr'><strong>totum</strong></span> <span class='ocrx_word' id='word_1_46' title='bbox 1130 1392 1301 1457; x_wconf 88' lang='lat' dir='ltr'><strong>servicium</strong></span> <span class='ocrx_word' id='word_1_47' title='bbox 1327 1392 1463 1456; x_wconf 86' lang='lat' dir='ltr'><strong>militare</strong></span> <span class='ocrx_word' id='word_1_48' title='bbox 1493 1395 1580 1478; x_wconf 94' lang='lat' dir='ltr'><strong>quod</strong></span> <span class='ocrx_word' id='word_1_49' title='bbox 1609 1394 1639 1457; x_wconf 91' lang='lat' dir='ltr'><strong>ei</strong></span> 
     </span>
     <span class='ocr_line' id='line_1_7' title="bbox 440 1493 1639 1581; baseline 0.003 -25"><span class='ocrx_word' id='word_1_50' title='bbox 440 1493 599 1578; x_wconf 86' lang='lat' dir='ltr'><strong>contingit</strong></span> <span class='ocrx_word' id='word_1_51' title='bbox 621 1493 655 1557; x_wconf 94' lang='lat' dir='ltr'><strong>in</strong></span> <span class='ocrx_word' id='word_1_52' title='bbox 679 1494 805 1580; x_wconf 88' lang='lat' dir='ltr'><strong>Anglia.</strong></span> <span class='ocrx_word' id='word_1_53' title='bbox 850 1495 896 1558; x_wconf 85' lang='lat' dir='ltr'><strong>Et</strong></span> <span class='ocrx_word' id='word_1_54' title='bbox 915 1497 990 1581; x_wconf 90' lang='lat' dir='ltr'><strong>quia</strong></span> <span class='ocrx_word' id='word_1_55' title='bbox 1013 1495 1132 1559; x_wconf 84' lang='lat' dir='ltr'><strong>milites</strong></span> <span class='ocrx_word' id='word_1_56' title='bbox 1154 1495 1265 1560; x_wconf 83' lang='lat' dir='ltr'><strong>feofati</strong></span> <span class='ocrx_word' id='word_1_57' title='bbox 1281 1495 1459 1579; x_wconf 89' lang='lat' dir='ltr'><strong>antiquitus</strong></span> <span class='ocrx_word' id='word_1_58' title='bbox 1480 1495 1520 1560; x_wconf 91' lang='lat' dir='ltr'><strong>de</strong></span> <span class='ocrx_word' id='word_1_59' title='bbox 1536 1496 1639 1561; x_wconf 90' lang='lat' dir='ltr'><strong>domi-</strong></span> 
     </span>
     <span class='ocr_line' id='line_1_8' title="bbox 439 1596 1638 1684; baseline 0.003 -24"><span class='ocrx_word' id='word_1_60' title='bbox 439 1597 520 1660; x_wconf 89' lang='lat' dir='ltr'><strong>nicis</strong></span> <span class='ocrx_word' id='word_1_61' title='bbox 537 1596 675 1661; x_wconf 89' lang='lat' dir='ltr'><strong>Baronie</strong></span> <span class='ocrx_word' id='word_1_62' title='bbox 690 1598 784 1662; x_wconf 90' lang='lat' dir='ltr'><strong>istius</strong></span> <span class='ocrx_word' id='word_1_63' title='bbox 800 1599 921 1683; x_wconf 89' lang='lat' dir='ltr'><strong>dejure</strong></span> <span class='ocrx_word' id='word_1_64' title='bbox 936 1608 1124 1662; x_wconf 90' lang='lat' dir='ltr'><strong>tenerentur</strong></span> <span class='ocrx_word' id='word_1_65' title='bbox 1138 1598 1305 1662; x_wconf 87' lang='lat' dir='ltr'><strong>ecclesiam</strong></span> <span class='ocrx_word' id='word_1_66' title='bbox 1316 1598 1413 1661; x_wconf 89' lang='lat' dir='ltr'><strong>istam</strong></span> <span class='ocrx_word' id='word_1_67' title='bbox 1428 1597 1461 1660; x_wconf 94' lang='lat' dir='ltr'><strong>in</strong></span> <span class='ocrx_word' id='word_1_68' title='bbox 1473 1599 1533 1663; x_wconf 85' lang='lat' dir='ltr'><strong>hac</strong></span> <span class='ocrx_word' id='word_1_69' title='bbox 1548 1610 1638 1684; x_wconf 85' lang='lat' dir='ltr'><strong>parte</strong></span> 
     </span>
     <span class='ocr_line' id='line_1_9' title="bbox 439 1699 1639 1779; baseline 0.003 -16"><span class='ocrx_word' id='word_1_70' title='bbox 439 1700 523 1764; x_wconf 91' lang='lat' dir='ltr'><strong>tueri</strong></span> <span class='ocrx_word' id='word_1_71' title='bbox 545 1699 630 1764; x_wconf 90' lang='lat' dir='ltr'><strong>sieut</strong></span> <span class='ocrx_word' id='word_1_72' title='bbox 653 1711 873 1765; x_wconf 81' lang='lat' dir='ltr'><strong>antecessores</strong></span> <span class='ocrx_word' id='word_1_73' title='bbox 898 1722 1011 1765; x_wconf 88' lang='lat' dir='ltr'><strong>eorum</strong></span> <span class='ocrx_word' id='word_1_74' title='bbox 1038 1702 1193 1779; x_wconf 87' lang='lat' dir='ltr'><strong>fecerunt,</strong></span> <span class='ocrx_word' id='word_1_75' title='bbox 1220 1700 1318 1764; x_wconf 92' lang='lat' dir='ltr'><strong>modo</strong></span> <span class='ocrx_word' id='word_1_76' title='bbox 1350 1701 1582 1766; x_wconf 83' lang='lat' dir='ltr'><strong>contumaciter</strong></span> <span class='ocrx_word' id='word_1_77' title='bbox 1604 1725 1639 1767; x_wconf 92' lang='lat' dir='ltr'><strong>se</strong></span> 
     </span>
     <span class='ocr_line' id='line_1_10' title="bbox 437 1801 1639 1870; baseline 0.004 -5"><span class='ocrx_word' id='word_1_78' title='bbox 437 1801 568 1866; x_wconf 89' lang='lat' dir='ltr'><strong>habent.</strong></span> <span class='ocrx_word' id='word_1_79' title='bbox 625 1801 666 1864; x_wconf 90' lang='lat' dir='ltr'><strong>In</strong></span> <span class='ocrx_word' id='word_1_80' title='bbox 696 1804 883 1868; x_wconf 81' lang='lat' dir='ltr'><strong>memoriam</strong></span> <span class='ocrx_word' id='word_1_81' title='bbox 912 1805 1097 1867; x_wconf 85' lang='lat' dir='ltr'><strong>futurorum</strong></span> <span class='ocrx_word' id='word_1_82' title='bbox 1134 1803 1268 1866; x_wconf 89' lang='lat' dir='ltr'><strong>modurn</strong></span> <span class='ocrx_word' id='word_1_83' title='bbox 1305 1803 1572 1869; x_wconf 88' lang='lat' dir='ltr'><strong>summonicionis</strong></span> <span class='ocrx_word' id='word_1_84' title='bbox 1605 1815 1639 1870; x_wconf 90' lang='lat' dir='ltr'><strong>et</strong></span> 
     </span>
     <span class='ocr_line' id='line_1_11' title="bbox 438 1905 1638 1990; baseline 0.003 -22"><span class='ocrx_word' id='word_1_85' title='bbox 438 1926 550 1968; x_wconf 90' lang='lat' dir='ltr'><strong>eorum</strong></span> <span class='ocrx_word' id='word_1_86' title='bbox 575 1925 672 1987; x_wconf 89' lang='lat' dir='ltr'><strong>super</strong></span> <span class='ocrx_word' id='word_1_87' title='bbox 694 1905 757 1969; x_wconf 91' lang='lat' dir='ltr'><strong>hoc</strong></span> <span class='ocrx_word' id='word_1_88' title='bbox 780 1927 972 1990; x_wconf 90' lang='lat' dir='ltr'><strong>responsum</strong></span> <span class='ocrx_word' id='word_1_89' title='bbox 992 1916 1042 1969; x_wconf 91' lang='lat' dir='ltr'><strong>est</strong></span> <span class='ocrx_word' id='word_1_90' title='bbox 1065 1905 1119 1969; x_wconf 93' lang='lat' dir='ltr'><strong>hic</strong></span> <span class='ocrx_word' id='word_1_91' title='bbox 1133 1906 1351 1969; x_wconf 89' lang='lat' dir='ltr'><strong>intersertum.</strong></span> <span class='ocrx_word' id='word_1_92' title='bbox 1394 1905 1448 1970; x_wconf 87' lang='lat' dir='ltr'><strong>Ad</strong></span> <span class='ocrx_word' id='word_1_93' title='bbox 1460 1909 1638 1972; x_wconf 90' lang='lat' dir='ltr'><strong>summoni-</strong></span> 
     </span>
     <span class='ocr_line' id='line_1_12' title="bbox 439 2006 1639 2094; baseline 0.003 -24"><span class='ocrx_word' id='word_1_94' title='bbox 439 2007 566 2070; x_wconf 89' lang='lat' dir='ltr'><strong>cionem</strong></span> <span class='ocrx_word' id='word_1_95' title='bbox 582 2006 705 2094; x_wconf 85' lang='lat' dir='ltr'><strong>domini</strong></span> <span class='ocrx_word' id='word_1_96' title='bbox 726 2006 851 2071; x_wconf 88' lang='lat' dir='ltr'><strong>abbatis</strong></span> <span class='ocrx_word' id='word_1_97' title='bbox 867 2009 899 2070; x_wconf 93' lang='lat' dir='ltr'><strong>in</strong></span> <span class='ocrx_word' id='word_1_98' title='bbox 923 2008 1062 2072; x_wconf 85' lang='lat' dir='ltr'><strong>crastino</strong></span> <span class='ocrx_word' id='word_1_99' title='bbox 1079 2007 1181 2071; x_wconf 86' lang='lat' dir='ltr'><strong>sancti</strong></span> <span class='ocrx_word' id='word_1_100' title='bbox 1204 2008 1226 2072; x_wconf 87' lang='lat' dir='ltr'><strong>J</strong></span> <span class='ocrx_word' id='word_1_101' title='bbox 1229 2007 1365 2072; x_wconf 89' lang='lat' dir='ltr'><strong>ohannis</strong></span> <span class='ocrx_word' id='word_1_102' title='bbox 1389 2007 1536 2092; x_wconf 90' lang='lat' dir='ltr'><strong>Baptiste</strong></span> <span class='ocrx_word' id='word_1_103' title='bbox 1551 2011 1639 2094; x_wconf 85' lang='lat' dir='ltr'><strong>apud</strong></span> 
     </span>
     <span class='ocr_line' id='line_1_13' title="bbox 438 2109 1637 2196; baseline 0.003 -23"><span class='ocrx_word' id='word_1_104' title='bbox 438 2109 656 2174; x_wconf 81' lang='lat' dir='ltr'><strong>Stamfordam</strong></span> <span class='ocrx_word' id='word_1_105' title='bbox 671 2109 801 2195; x_wconf 84' lang='lat' dir='ltr'><strong>quidam</strong></span> <span class='ocrx_word' id='word_1_106' title='bbox 817 2133 929 2174; x_wconf 90' lang='lat' dir='ltr'><strong>eorum</strong></span> <span class='ocrx_word' id='word_1_107' title='bbox 944 2111 978 2174; x_wconf 92' lang='lat' dir='ltr'><strong>iu</strong></span> <span class='ocrx_word' id='word_1_108' title='bbox 994 2111 1123 2196; x_wconf 90' lang='lat' dir='ltr'><strong>propria</strong></span> <span class='ocrx_word' id='word_1_109' title='bbox 1137 2131 1275 2194; x_wconf 86' lang='lat' dir='ltr'><strong>persona</strong></span> <span class='ocrx_word' id='word_1_110' title='bbox 1284 2122 1451 2174; x_wconf 90' lang='lat' dir='ltr'><strong>venerunt.</strong></span> <span class='ocrx_word' id='word_1_111' title='bbox 1496 2112 1637 2178; x_wconf 76' lang='lat' dir='ltr'><strong>Quidam</strong></span> 
     </span>
     <span class='ocr_line' id='line_1_14' title="bbox 437 2212 1638 2296; baseline 0.005 -22"><span class='ocrx_word' id='word_1_112' title='bbox 437 2233 496 2296; x_wconf 89' lang='lat' dir='ltr'><strong>per</strong></span> <span class='ocrx_word' id='word_1_113' title='bbox 510 2219 700 2276; x_wconf 84' lang='lat' dir='ltr'><strong>attornatos.</strong></span> <span class='ocrx_word' id='word_1_114' title='bbox 738 2212 881 2278; x_wconf 76' lang='lat' dir='ltr'><strong>Quidem</strong></span> <span class='ocrx_word' id='word_1_115' title='bbox 898 2235 957 2277; x_wconf 90' lang='lat' dir='ltr'><strong>nec</strong></span> <span class='ocrx_word' id='word_1_116' title='bbox 972 2223 1131 2277; x_wconf 89' lang='lat' dir='ltr'><strong>venerunt</strong></span> <span class='ocrx_word' id='word_1_117' title='bbox 1145 2234 1205 2277; x_wconf 90' lang='lat' dir='ltr'><strong>nec</strong></span> <span class='ocrx_word' id='word_1_118' title='bbox 1221 2212 1389 2277; x_wconf 87' lang='lat' dir='ltr'><strong>miserunt.</strong></span> <span class='ocrx_word' id='word_1_119' title='bbox 1427 2213 1473 2277; x_wconf 85' lang='lat' dir='ltr'><strong>Et</strong></span> <span class='ocrx_word' id='word_1_120' title='bbox 1487 2214 1638 2280; x_wconf 91' lang='lat' dir='ltr'><strong>dominus</strong></span> 
     </span>
     <span class='ocr_line' id='line_1_15' title="bbox 436 2313 1637 2402; baseline 0.004 -24"><span class='ocrx_word' id='word_1_121' title='bbox 436 2313 536 2379; x_wconf 84' lang='lat' dir='ltr'><strong>abbas</strong></span> <span class='ocrx_word' id='word_1_122' title='bbox 552 2324 731 2379; x_wconf 84' lang='lat' dir='ltr'><strong>attornatos</strong></span> <span class='ocrx_word' id='word_1_123' title='bbox 756 2316 1004 2402; x_wconf 86' lang='lat' dir='ltr'><strong>calumpniando</strong></span> <span class='ocrx_word' id='word_1_124' title='bbox 1020 2316 1259 2402; x_wconf 87' lang='lat' dir='ltr'><strong>quodammodo</strong></span> <span class='ocrx_word' id='word_1_125' title='bbox 1279 2317 1420 2380; x_wconf 87' lang='lat' dir='ltr'><strong>admisit.</strong></span> <span class='ocrx_word' id='word_1_126' title='bbox 1466 2317 1545 2381; x_wconf 92' lang='lat' dir='ltr'><strong>lllos</strong></span> <span class='ocrx_word' id='word_1_127' title='bbox 1561 2340 1637 2384; x_wconf 89' lang='lat' dir='ltr'><strong>vero</strong></span> 
     </span>
     <span class='ocr_line' id='line_1_16' title="bbox 437 2419 1637 2506; baseline 0.003 -25"><span class='ocrx_word' id='word_1_128' title='bbox 437 2419 492 2503; x_wconf 92' lang='lat' dir='ltr'><strong>qui</strong></span> <span class='ocrx_word' id='word_1_129' title='bbox 507 2419 641 2483; x_wconf 89' lang='lat' dir='ltr'><strong>omnino</strong></span> <span class='ocrx_word' id='word_1_130' title='bbox 656 2442 720 2484; x_wconf 93' lang='lat' dir='ltr'><strong>non</strong></span> <span class='ocrx_word' id='word_1_131' title='bbox 738 2431 898 2485; x_wconf 88' lang='lat' dir='ltr'><strong>venerunt</strong></span> <span class='ocrx_word' id='word_1_132' title='bbox 911 2420 1022 2506; x_wconf 89' lang='lat' dir='ltr'><strong>posuit</strong></span> <span class='ocrx_word' id='word_1_133' title='bbox 1048 2420 1081 2484; x_wconf 95' lang='lat' dir='ltr'><strong>in</strong></span> <span class='ocrx_word' id='word_1_134' title='bbox 1097 2419 1259 2484; x_wconf 80' lang='lat' dir='ltr'><strong>defaltum.</strong></span> <span class='ocrx_word' id='word_1_135' title='bbox 1305 2419 1432 2484; x_wconf 89' lang='lat' dir='ltr'><strong>Deinde</strong></span> <span class='ocrx_word' id='word_1_136' title='bbox 1447 2419 1523 2484; x_wconf 79' lang='lat' dir='ltr'><strong>lecit</strong></span> <span class='ocrx_word' id='word_1_137' title='bbox 1534 2421 1637 2504; x_wconf 85' lang='lat' dir='ltr'><strong>legere</strong></span> 
     </span>
     <span class='ocr_line' id='line_1_17' title="bbox 436 2520 1638 2607; baseline 0.002 -23"><span class='ocrx_word' id='word_1_138' title='bbox 436 2521 562 2586; x_wconf 87' lang='lat' dir='ltr'><strong>literam</strong></span> <span class='ocrx_word' id='word_1_139' title='bbox 587 2521 711 2586; x_wconf 91' lang='lat' dir='ltr'><strong>domini</strong></span> <span class='ocrx_word' id='word_1_140' title='bbox 740 2523 823 2607; x_wconf 85' lang='lat' dir='ltr'><strong>regis</strong></span> <span class='ocrx_word' id='word_1_141' title='bbox 848 2545 945 2606; x_wconf 88' lang='lat' dir='ltr'><strong>super</strong></span> <span class='ocrx_word' id='word_1_142' title='bbox 966 2523 1031 2586; x_wconf 92' lang='lat' dir='ltr'><strong>isto</strong></span> <span class='ocrx_word' id='word_1_143' title='bbox 1052 2521 1187 2606; x_wconf 86' lang='lat' dir='ltr'><strong>negocio</strong></span> <span class='ocrx_word' id='word_1_144' title='bbox 1212 2521 1317 2584; x_wconf 91' lang='lat' dir='ltr'><strong>eidem</strong></span> <span class='ocrx_word' id='word_1_145' title='bbox 1344 2520 1508 2585; x_wconf 81' lang='lat' dir='ltr'><strong>directam.</strong></span> <span class='ocrx_word' id='word_1_146' title='bbox 1563 2522 1638 2588; x_wconf 74' lang='lat' dir='ltr'><strong>Qua</strong></span> 
     </span>
     <span class='ocr_line' id='line_1_18' title="bbox 436 2621 1638 2709; baseline 0.002 -23"><span class='ocrx_word' id='word_1_147' title='bbox 436 2625 587 2708; x_wconf 84' lang='lat' dir='ltr'><strong>perlecta,</strong></span> <span class='ocrx_word' id='word_1_148' title='bbox 599 2623 681 2686; x_wconf 88' lang='lat' dir='ltr'><strong>dixit</strong></span> <span class='ocrx_word' id='word_1_149' title='bbox 690 2623 842 2686; x_wconf 89' lang='lat' dir='ltr'><strong>dominus</strong></span> <span class='ocrx_word' id='word_1_150' title='bbox 858 2623 968 2688; x_wconf 87' lang='lat' dir='ltr'><strong>abbas.</strong></span> <span class='ocrx_word' id='word_1_151' title='bbox 995 2629 1016 2660; x_wconf 78' lang='lat'><strong>‘⁶</strong></span> <span class='ocrx_word' id='word_1_152' title='bbox 1026 2623 1113 2689; x_wconf 76' lang='lat' dir='ltr'><strong>Quia</strong></span> <span class='ocrx_word' id='word_1_153' title='bbox 1128 2623 1190 2686; x_wconf 92' lang='lat' dir='ltr'><strong>hoc</strong></span> <span class='ocrx_word' id='word_1_154' title='bbox 1206 2622 1294 2706; x_wconf 91' lang='lat' dir='ltr'><strong>quod</strong></span> <span class='ocrx_word' id='word_1_155' title='bbox 1310 2621 1461 2685; x_wconf 90' lang='lat' dir='ltr'><strong>dominus</strong></span> <span class='ocrx_word' id='word_1_156' title='bbox 1473 2643 1530 2685; x_wconf 85' lang='lat' dir='ltr'><strong>rex</strong></span> <span class='ocrx_word' id='word_1_157' title='bbox 1539 2623 1638 2709; x_wconf 86' lang='lat' dir='ltr'><strong>exigit</strong></span> 
     </span>
     <span class='ocr_line' id='line_1_19' title="bbox 436 2723 1637 2802; baseline 0.001 -14"><span class='ocrx_word' id='word_1_158' title='bbox 436 2748 456 2788; x_wconf 85' lang='lat' dir='ltr'><strong>a</strong></span> <span class='ocrx_word' id='word_1_159' title='bbox 470 2747 533 2802; x_wconf 89' lang='lat' dir='ltr'><strong>me,</strong></span> <span class='ocrx_word' id='word_1_160' title='bbox 548 2745 606 2788; x_wconf 89' lang='lat' dir='ltr'><strong>vos</strong></span> <span class='ocrx_word' id='word_1_161' title='bbox 622 2725 745 2788; x_wconf 84' lang='lat' dir='ltr'><strong>ratione</strong></span> <span class='ocrx_word' id='word_1_162' title='bbox 760 2725 1030 2788; x_wconf 85' lang='lat' dir='ltr'><strong>feofamentorum</strong></span> <span class='ocrx_word' id='word_1_163' title='bbox 1051 2735 1234 2787; x_wconf 88' lang='lat' dir='ltr'><strong>vestrorum</strong></span> <span class='ocrx_word' id='word_1_164' title='bbox 1250 2723 1284 2786; x_wconf 94' lang='lat' dir='ltr'><strong>in</strong></span> <span class='ocrx_word' id='word_1_165' title='bbox 1300 2723 1362 2786; x_wconf 88' lang='lat' dir='ltr'><strong>hoc</strong></span> <span class='ocrx_word' id='word_1_166' title='bbox 1385 2723 1541 2786; x_wconf 91' lang='lat' dir='ltr'><strong>tenemini</strong></span> <span class='ocrx_word' id='word_1_167' title='bbox 1557 2725 1637 2790; x_wconf 88' lang='lat' dir='ltr'><strong>mihi</strong></span> 
     </span>
     <span class='ocr_line' id='line_1_20' title="bbox 436 2826 1637 2913; baseline -0.001 -20"><span class='ocrx_word' id='word_1_168' title='bbox 436 2838 470 2893; x_wconf 88' lang='lat' dir='ltr'><strong>ct</strong></span> <span class='ocrx_word' id='word_1_169' title='bbox 481 2827 613 2892; x_wconf 89' lang='lat' dir='ltr'><strong>ecclesie</strong></span> <span class='ocrx_word' id='word_1_170' title='bbox 629 2827 669 2892; x_wconf 89' lang='lat' dir='ltr'><strong>de</strong></span> <span class='ocrx_word' id='word_1_171' title='bbox 685 2827 805 2912; x_wconf 88' lang='lat' dir='ltr'><strong>Burgo,</strong></span> <span class='ocrx_word' id='word_1_172' title='bbox 820 2849 880 2912; x_wconf 87' lang='lat' dir='ltr'><strong>ego</strong></span> <span class='ocrx_word' id='word_1_173' title='bbox 894 2828 1037 2913; x_wconf 91' lang='lat' dir='ltr'><strong>precipio</strong></span> <span class='ocrx_word' id='word_1_174' title='bbox 1052 2827 1145 2891; x_wconf 87' lang='lat' dir='ltr'><strong>vobis</strong></span> <span class='ocrx_word' id='word_1_175' title='bbox 1162 2827 1192 2890; x_wconf 89' lang='lat' dir='ltr'><strong>in</strong></span> <span class='ocrx_word' id='word_1_176' title='bbox 1217 2826 1282 2891; x_wconf 90' lang='lat' dir='ltr'><strong>fide</strong></span> <span class='ocrx_word' id='word_1_177' title='bbox 1297 2849 1360 2911; x_wconf 87' lang='lat' dir='ltr'><strong>qua</strong></span> <span class='ocrx_word' id='word_1_178' title='bbox 1376 2826 1508 2890; x_wconf 91' lang='lat' dir='ltr'><strong>domino</strong></span> <span class='ocrx_word' id='word_1_179' title='bbox 1523 2828 1588 2912; x_wconf 86' lang='lat' dir='ltr'><strong>regi</strong></span> <span class='ocrx_word' id='word_1_180' title='bbox 1604 2837 1637 2892; x_wconf 92' lang='lat' dir='ltr'><strong>et</strong></span> 
     </span>
     <span class='ocr_line' id='line_1_21' title="bbox 435 2929 1635 3016; baseline -0.002 -20"><span class='ocrx_word' id='word_1_181' title='bbox 435 2931 515 2996; x_wconf 87' lang='lat' dir='ltr'><strong>milri</strong></span> <span class='ocrx_word' id='word_1_182' title='bbox 530 2931 696 3007; x_wconf 89' lang='lat' dir='ltr'><strong>tenemini,</strong></span> <span class='ocrx_word' id='word_1_183' title='bbox 709 2941 746 2994; x_wconf 92' lang='lat' dir='ltr'><strong>ut</strong></span> <span class='ocrx_word' id='word_1_184' title='bbox 756 2933 858 3016; x_wconf 87' lang='lat' dir='ltr'><strong>parati</strong></span> <span class='ocrx_word' id='word_1_185' title='bbox 873 2931 943 2995; x_wconf 90' lang='lat' dir='ltr'><strong>sitis</strong></span> <span class='ocrx_word' id='word_1_186' title='bbox 959 2931 1011 2995; x_wconf 91' lang='lat' dir='ltr'><strong>die</strong></span> <span class='ocrx_word' id='word_1_187' title='bbox 1026 2930 1166 2995; x_wconf 89' lang='lat' dir='ltr'><strong>crastino</strong></span> <span class='ocrx_word' id='word_1_188' title='bbox 1182 2929 1222 2992; x_wconf 85' lang='lat' dir='ltr'><strong>ad</strong></span> <span class='ocrx_word' id='word_1_189' title='bbox 1238 2929 1508 3014; x_wconf 89' lang='lat' dir='ltr'><strong>proficiscendum</strong></span> <span class='ocrx_word' id='word_1_190' title='bbox 1523 2951 1635 2994; x_wconf 86' lang='lat' dir='ltr'><strong>versus</strong></span> 
     </span>
     <span class='ocr_line' id='line_1_22' title="bbox 434 3031 1636 3120; baseline 0.001 -24"><span class='ocrx_word' id='word_1_191' title='bbox 434 3056 541 3120; x_wconf 86' lang='lat' dir='ltr'><strong>regem</strong></span> <span class='ocrx_word' id='word_1_192' title='bbox 558 3033 736 3098; x_wconf 91' lang='lat' dir='ltr'><strong>secundum</strong></span> <span class='ocrx_word' id='word_1_193' title='bbox 751 3044 896 3098; x_wconf 90' lang='lat' dir='ltr'><strong>tenorem</strong></span> <span class='ocrx_word' id='word_1_194' title='bbox 908 3033 1052 3097; x_wconf 89' lang='lat' dir='ltr'><strong>mandati</strong></span> <span class='ocrx_word' id='word_1_195' title='bbox 1068 3032 1150 3096; x_wconf 90' lang='lat' dir='ltr'><strong>sui.&#39;’</strong></span> <span class='ocrx_word' id='word_1_196' title='bbox 1196 3032 1263 3098; x_wconf 74' lang='lat' dir='ltr'><strong>oui</strong></span> <span class='ocrx_word' id='word_1_197' title='bbox 1278 3040 1354 3116; x_wconf 90' lang='lat' dir='ltr'><strong>post</strong></span> <span class='ocrx_word' id='word_1_198' title='bbox 1368 3031 1488 3094; x_wconf 87' lang='lat' dir='ltr'><strong>multas</strong></span> <span class='ocrx_word' id='word_1_199' title='bbox 1504 3031 1636 3097; x_wconf 83' lang='lat' dir='ltr'><strong>alterca-</strong></span> 
     </span>
     <span class='ocr_line' id='line_1_23' title="bbox 434 3133 1637 3221; baseline -0.002 -21"><span class='ocrx_word' id='word_1_200' title='bbox 434 3137 544 3202; x_wconf 91' lang='lat' dir='ltr'><strong>ciones</strong></span> <span class='ocrx_word' id='word_1_201' title='bbox 555 3135 632 3199; x_wconf 91' lang='lat' dir='ltr'><strong>hine</strong></span> <span class='ocrx_word' id='word_1_202' title='bbox 651 3135 727 3199; x_wconf 91' lang='lat' dir='ltr'><strong>inde</strong></span> <span class='ocrx_word' id='word_1_203' title='bbox 742 3135 842 3200; x_wconf 85' lang='lat' dir='ltr'><strong>sectas</strong></span> <span class='ocrx_word' id='word_1_204' title='bbox 858 3157 956 3221; x_wconf 90' lang='lat' dir='ltr'><strong>super</strong></span> <span class='ocrx_word' id='word_1_205' title='bbox 970 3133 1262 3199; x_wconf 91' lang='lat' dir='ltr'><strong>consuetudinibus</strong></span> <span class='ocrx_word' id='word_1_206' title='bbox 1277 3133 1478 3219; x_wconf 90' lang='lat' dir='ltr'><strong>temporibus</strong></span> <span class='ocrx_word' id='word_1_207' title='bbox 1493 3144 1637 3198; x_wconf 80' lang='lat' dir='ltr'><strong>anteces-</strong></span> 
     </span>
     <span class='ocr_line' id='line_1_24' title="bbox 435 3237 1636 3325; baseline -0.001 -21"><span class='ocrx_word' id='word_1_208' title='bbox 435 3263 544 3306; x_wconf 91' lang='lat' dir='ltr'><strong>sorum</strong></span> <span class='ocrx_word' id='word_1_209' title='bbox 561 3262 693 3304; x_wconf 90' lang='lat' dir='ltr'><strong>suorum</strong></span> <span class='ocrx_word' id='word_1_210' title='bbox 708 3240 742 3303; x_wconf 94' lang='lat' dir='ltr'><strong>in</strong></span> <span class='ocrx_word' id='word_1_211' title='bbox 765 3240 825 3305; x_wconf 87' lang='lat' dir='ltr'><strong>hac</strong></span> <span class='ocrx_word' id='word_1_212' title='bbox 840 3250 931 3325; x_wconf 86' lang='lat' dir='ltr'><strong>parte</strong></span> <span class='ocrx_word' id='word_1_213' title='bbox 946 3239 1085 3318; x_wconf 87' lang='lat' dir='ltr'><strong>usitatis,</strong></span> <span class='ocrx_word' id='word_1_214' title='bbox 1100 3248 1138 3302; x_wconf 93' lang='lat' dir='ltr'><strong>ut</strong></span> <span class='ocrx_word' id='word_1_215' title='bbox 1158 3239 1319 3317; x_wconf 86' lang='lat' dir='ltr'><strong>dicebant,</strong></span> <span class='ocrx_word' id='word_1_216' title='bbox 1335 3237 1467 3302; x_wconf 92' lang='lat' dir='ltr'><strong>demum</strong></span> <span class='ocrx_word' id='word_1_217' title='bbox 1482 3260 1636 3324; x_wconf 89' lang='lat' dir='ltr'><strong>recogno-</strong></span> 
     </span>
     <span class='ocr_line' id='line_1_25' title="bbox 434 3339 1635 3425; baseline 0.001 -20"><span class='ocrx_word' id='word_1_218' title='bbox 434 3351 552 3407; x_wconf 88' lang='lat' dir='ltr'><strong>verunt</strong></span> <span class='ocrx_word' id='word_1_219' title='bbox 574 3363 608 3405; x_wconf 93' lang='lat' dir='ltr'><strong>se</strong></span> <span class='ocrx_word' id='word_1_220' title='bbox 632 3340 749 3405; x_wconf 90' lang='lat' dir='ltr'><strong>debere</strong></span> <span class='ocrx_word' id='word_1_221' title='bbox 771 3341 983 3424; x_wconf 89' lang='lat' dir='ltr'><strong>personaliter</strong></span> <span class='ocrx_word' id='word_1_222' title='bbox 1008 3340 1050 3404; x_wconf 93' lang='lat' dir='ltr'><strong>ob</strong></span> <span class='ocrx_word' id='word_1_223' title='bbox 1067 3340 1288 3404; x_wconf 82' lang='lat' dir='ltr'><strong>defensionem</strong></span> <span class='ocrx_word' id='word_1_224' title='bbox 1312 3339 1457 3404; x_wconf 79' lang='lat' dir='ltr'><strong>Ecclesia</strong></span> <span class='ocrx_word' id='word_1_225' title='bbox 1479 3339 1579 3425; x_wconf 86' lang='lat' dir='ltr'><strong>Burgi</strong></span> <span class='ocrx_word' id='word_1_226' title='bbox 1594 3341 1635 3406; x_wconf 89' lang='lat' dir='ltr'><strong>ad</strong></span> 
     </span>
     <span class='ocr_line' id='line_1_26' title="bbox 435 3443 1635 3527; baseline 0 -19"><span class='ocrx_word' id='word_1_227' title='bbox 435 3445 630 3509; x_wconf 82' lang='lat' dir='ltr'><strong>excercitum</strong></span> <span class='ocrx_word' id='word_1_228' title='bbox 659 3443 742 3527; x_wconf 85' lang='lat' dir='ltr'><strong>regis</strong></span> <span class='ocrx_word' id='word_1_229' title='bbox 767 3443 824 3520; x_wconf 91' lang='lat' dir='ltr'><strong>ire,</strong></span> <span class='ocrx_word' id='word_1_230' title='bbox 850 3443 1045 3526; x_wconf 87' lang='lat' dir='ltr'><strong>sumptubus</strong></span> <span class='ocrx_word' id='word_1_231' title='bbox 1075 3453 1195 3522; x_wconf 86' lang='lat' dir='ltr'><strong>tamen,</strong></span> <span class='ocrx_word' id='word_1_232' title='bbox 1225 3443 1327 3527; x_wconf 89' lang='lat' dir='ltr'><strong>equis,</strong></span> <span class='ocrx_word' id='word_1_233' title='bbox 1350 3453 1384 3506; x_wconf 89' lang='lat' dir='ltr'><strong>et</strong></span> <span class='ocrx_word' id='word_1_234' title='bbox 1409 3443 1517 3521; x_wconf 87' lang='lat' dir='ltr'><strong>armis,</strong></span> <span class='ocrx_word' id='word_1_235' title='bbox 1532 3445 1635 3527; x_wconf 90' lang='lat' dir='ltr'><strong>ipsius</strong></span> 
     </span>
     <span class='ocr_line' id='line_1_27' title="bbox 435 3543 1634 3627; baseline -0.002 -17"><span class='ocrx_word' id='word_1_236' title='bbox 435 3545 571 3610; x_wconf 88' lang='lat' dir='ltr'><strong>abbatis.</strong></span> <span class='ocrx_word' id='word_1_237' title='bbox 617 3545 716 3607; x_wconf 87' lang='lat' dir='ltr'><strong>Facta</strong></span> <span class='ocrx_word' id='word_1_238' title='bbox 735 3553 844 3607; x_wconf 83' lang='lat' dir='ltr'><strong>autem</strong></span> <span class='ocrx_word' id='word_1_239' title='bbox 869 3543 1102 3607; x_wconf 87' lang='lat' dir='ltr'><strong>deliberacione</strong></span> <span class='ocrx_word' id='word_1_240' title='bbox 1121 3564 1219 3627; x_wconf 90' lang='lat' dir='ltr'><strong>super</strong></span> <span class='ocrx_word' id='word_1_241' title='bbox 1242 3544 1315 3622; x_wconf 88' lang='lat' dir='ltr'><strong>hoc,</strong></span> <span class='ocrx_word' id='word_1_242' title='bbox 1341 3543 1459 3627; x_wconf 89' lang='lat' dir='ltr'><strong>adjecit</strong></span> <span class='ocrx_word' id='word_1_243' title='bbox 1482 3543 1634 3608; x_wconf 90' lang='lat' dir='ltr'><strong>dominus</strong></span> 
     </span>
     <span class='ocr_line' id='line_1_28' title="bbox 435 3644 1635 3731; baseline -0.001 -19"><span class='ocrx_word' id='word_1_244' title='bbox 435 3648 546 3713; x_wconf 84' lang='lat' dir='ltr'><strong>abbas.</strong></span> <span class='ocrx_word' id='word_1_245' title='bbox 571 3651 591 3684; x_wconf 91' lang='lat'><strong>“</strong></span> <span class='ocrx_word' id='word_1_246' title='bbox 602 3647 756 3713; x_wconf 76' lang='lat' dir='ltr'><strong>ouiavos</strong></span> <span class='ocrx_word' id='word_1_247' title='bbox 768 3645 872 3710; x_wconf 85' lang='lat' dir='ltr'><strong>facitis</strong></span> <span class='ocrx_word' id='word_1_248' title='bbox 887 3645 1144 3730; x_wconf 85' lang='lat' dir='ltr'><strong>recognicionem</strong></span> <span class='ocrx_word' id='word_1_249' title='bbox 1159 3646 1247 3731; x_wconf 94' lang='lat' dir='ltr'><strong>quod</strong></span> <span class='ocrx_word' id='word_1_250' title='bbox 1262 3645 1476 3730; x_wconf 87' lang='lat' dir='ltr'><strong>personaliter</strong></span> <span class='ocrx_word' id='word_1_251' title='bbox 1490 3644 1635 3711; x_wconf 86' lang='lat' dir='ltr'><strong>debeatis</strong></span> 
     </span>
    </p>
   </div>
   <div class='ocr_carea' id='block_1_4' title="bbox 434 3747 1636 4246">
    <p class='ocr_par' dir='ltr' id='par_1_4' title="bbox 434 3747 1636 4246">
     <span class='ocr_line' id='line_1_29' title="bbox 435 3747 1634 3835; baseline -0.003 -19"><span class='ocrx_word' id='word_1_252' title='bbox 435 3751 492 3831; x_wconf 84' lang='lat' dir='ltr'><strong>ire,&#39;</strong></span> <span class='ocrx_word' id='word_1_253' title='bbox 507 3749 703 3835; x_wconf 89' lang='lat' dir='ltr'><strong>sumptubus</strong></span> <span class='ocrx_word' id='word_1_254' title='bbox 727 3759 836 3812; x_wconf 89' lang='lat' dir='ltr'><strong>tamen</strong></span> <span class='ocrx_word' id='word_1_255' title='bbox 860 3747 992 3826; x_wconf 88' lang='lat' dir='ltr'><strong>nostris,</strong></span> <span class='ocrx_word' id='word_1_256' title='bbox 1021 3758 1055 3812; x_wconf 90' lang='lat' dir='ltr'><strong>et</strong></span> <span class='ocrx_word' id='word_1_257' title='bbox 1077 3769 1138 3811; x_wconf 91' lang='lat' dir='ltr'><strong>uos</strong></span> <span class='ocrx_word' id='word_1_258' title='bbox 1163 3748 1362 3812; x_wconf 86' lang='lat' dir='ltr'><strong>econtrario</strong></span> <span class='ocrx_word' id='word_1_259' title='bbox 1388 3747 1525 3812; x_wconf 93' lang='lat' dir='ltr'><strong>dicimus</strong></span> <span class='ocrx_word' id='word_1_260' title='bbox 1548 3749 1634 3834; x_wconf 94' lang='lat' dir='ltr'><strong>quod</strong></span> 
     </span>
     <span class='ocr_line' id='line_1_30' title="bbox 435 3851 1635 3940; baseline -0.002 -21"><span class='ocrx_word' id='word_1_261' title='bbox 435 3853 630 3940; x_wconf 90' lang='lat' dir='ltr'><strong>sumptubus</strong></span> <span class='ocrx_word' id='word_1_262' title='bbox 646 3853 794 3939; x_wconf 90' lang='lat' dir='ltr'><strong>propriis,</strong></span> <span class='ocrx_word' id='word_1_263' title='bbox 810 3863 844 3916; x_wconf 90' lang='lat' dir='ltr'><strong>et</strong></span> <span class='ocrx_word' id='word_1_264' title='bbox 855 3851 1059 3915; x_wconf 87' lang='lat' dir='ltr'><strong>solummodo</strong></span> <span class='ocrx_word' id='word_1_265' title='bbox 1083 3851 1207 3916; x_wconf 87' lang='lat' dir='ltr'><strong>ratione</strong></span> <span class='ocrx_word' id='word_1_266' title='bbox 1226 3861 1416 3936; x_wconf 90' lang='lat' dir='ltr'><strong>sumptuum</strong></span> <span class='ocrx_word' id='word_1_267' title='bbox 1431 3852 1536 3936; x_wconf 86' lang='lat' dir='ltr'><strong>agitur</strong></span> <span class='ocrx_word' id='word_1_268' title='bbox 1550 3852 1635 3918; x_wconf 87' lang='lat' dir='ltr'><strong>inter</strong></span> 
     </span>
     <span class='ocr_line' id='line_1_31' title="bbox 434 3952 1636 4042; baseline 0 -22"><span class='ocrx_word' id='word_1_269' title='bbox 434 3979 495 4021; x_wconf 90' lang='lat' dir='ltr'><strong>nos</strong></span> <span class='ocrx_word' id='word_1_270' title='bbox 510 3955 648 4042; x_wconf 88' lang='lat' dir='ltr'><strong>questio,</strong></span> <span class='ocrx_word' id='word_1_271' title='bbox 673 3955 807 4039; x_wconf 86' lang='lat' dir='ltr'><strong>injungo</strong></span> <span class='ocrx_word' id='word_1_272' title='bbox 822 3952 915 4017; x_wconf 86' lang='lat' dir='ltr'><strong>vobis</strong></span> <span class='ocrx_word' id='word_1_273' title='bbox 930 3953 964 4015; x_wconf 90' lang='lat' dir='ltr'><strong>in</strong></span> <span class='ocrx_word' id='word_1_274' title='bbox 980 3952 1044 4016; x_wconf 89' lang='lat' dir='ltr'><strong>fide</strong></span> <span class='ocrx_word' id='word_1_275' title='bbox 1066 3974 1130 4039; x_wconf 88' lang='lat' dir='ltr'><strong>qua</strong></span> <span class='ocrx_word' id='word_1_276' title='bbox 1150 3952 1283 4017; x_wconf 91' lang='lat' dir='ltr'><strong>domino</strong></span> <span class='ocrx_word' id='word_1_277' title='bbox 1300 3953 1365 4037; x_wconf 89' lang='lat' dir='ltr'><strong>regi</strong></span> <span class='ocrx_word' id='word_1_278' title='bbox 1392 3963 1426 4018; x_wconf 93' lang='lat' dir='ltr'><strong>et</strong></span> <span class='ocrx_word' id='word_1_279' title='bbox 1449 3954 1529 4017; x_wconf 92' lang='lat' dir='ltr'><strong>mihi</strong></span> <span class='ocrx_word' id='word_1_280' title='bbox 1543 3963 1636 4020; x_wconf 88' lang='lat' dir='ltr'><strong>teue-</strong></span> 
     </span>
     <span class='ocr_line' id='line_1_32' title="bbox 434 4055 1634 4142; baseline -0.003 -16"><span class='ocrx_word' id='word_1_281' title='bbox 434 4062 524 4139; x_wconf 88' lang='lat' dir='ltr'><strong>mini‚</strong></span> <span class='ocrx_word' id='word_1_282' title='bbox 550 4069 587 4125; x_wconf 90' lang='lat' dir='ltr'><strong>ut</strong></span> <span class='ocrx_word' id='word_1_283' title='bbox 607 4059 662 4124; x_wconf 85' lang='lat' dir='ltr'><strong>tali</strong></span> <span class='ocrx_word' id='word_1_284' title='bbox 688 4057 739 4122; x_wconf 88' lang='lat' dir='ltr'><strong>die</strong></span> <span class='ocrx_word' id='word_1_285' title='bbox 766 4057 836 4120; x_wconf 90' lang='lat' dir='ltr'><strong>sitis</strong></span> <span class='ocrx_word' id='word_1_286' title='bbox 859 4077 968 4121; x_wconf 85' lang='lat' dir='ltr'><strong>coram</strong></span> <span class='ocrx_word' id='word_1_287' title='bbox 998 4055 1131 4121; x_wconf 91' lang='lat' dir='ltr'><strong>domino</strong></span> <span class='ocrx_word' id='word_1_288' title='bbox 1155 4077 1228 4142; x_wconf 84' lang='lat' dir='ltr'><strong>rege</strong></span> <span class='ocrx_word' id='word_1_289' title='bbox 1258 4067 1292 4121; x_wconf 92' lang='lat' dir='ltr'><strong>et</strong></span> <span class='ocrx_word' id='word_1_290' title='bbox 1321 4057 1392 4142; x_wconf 88' lang='lat' dir='ltr'><strong>ejus</strong></span> <span class='ocrx_word' id='word_1_291' title='bbox 1422 4059 1569 4138; x_wconf 89' lang='lat' dir='ltr'><strong>consilio,</strong></span> <span class='ocrx_word' id='word_1_292' title='bbox 1596 4069 1634 4122; x_wconf 91' lang='lat' dir='ltr'><strong>ut</strong></span> 
     </span>
     <span class='ocr_line' id='line_1_33' title="bbox 434 4157 1635 4246; baseline -0.005 -17"><span class='ocrx_word' id='word_1_293' title='bbox 434 4162 612 4229; x_wconf 90' lang='lat' dir='ltr'><strong>secundum</strong></span> <span class='ocrx_word' id='word_1_294' title='bbox 636 4159 759 4246; x_wconf 84' lang='lat' dir='ltr'><strong>regium</strong></span> <span class='ocrx_word' id='word_1_295' title='bbox 775 4158 917 4223; x_wconf 90' lang='lat' dir='ltr'><strong>edictum</strong></span> <span class='ocrx_word' id='word_1_296' title='bbox 938 4157 1064 4242; x_wconf 87' lang='lat' dir='ltr'><strong>questio</strong></span> <span class='ocrx_word' id='word_1_297' title='bbox 1085 4158 1147 4223; x_wconf 90' lang='lat' dir='ltr'><strong>ista</strong></span> <span class='ocrx_word' id='word_1_298' title='bbox 1171 4158 1255 4224; x_wconf 86' lang='lat' dir='ltr'><strong>inter</strong></span> <span class='ocrx_word' id='word_1_299' title='bbox 1271 4182 1330 4226; x_wconf 93' lang='lat' dir='ltr'><strong>nos</strong></span> <span class='ocrx_word' id='word_1_300' title='bbox 1346 4161 1548 4227; x_wconf 88' lang='lat' dir='ltr'><strong>terminetur.</strong></span> <span class='ocrx_word' id='word_1_301' title='bbox 1589 4161 1635 4224; x_wconf 85' lang='lat' dir='ltr'><strong>Et</strong></span> 
     </span>
    </p>
   </div>
   <div class='ocr_carea' id='block_1_5' title="bbox 0 0 1910 5030">
    <p class='ocr_par' dir='ltr' id='par_1_5' title="bbox 0 0 1910 5030">
     <span class='ocr_line' id='line_1_34' title="bbox 0 0 1910 5030; baseline 0 3"><span class='ocrx_word' id='word_1_302' title='bbox 0 0 1910 5030; x_wconf 95' lang='lat' dir='ltr'><strong> </strong></span> 
     </span>
    </p>
   </div>
  </div>
 </body>
</html>
