3938 5022
408 637 451 698 586
728 650 941 696 caaourcon
959 647 1285 695 rnrnoaunosnsa.

408 803 518 886 Burgo
535 801 639 866 suncti
656 801 744 866 Petri
759 811 920 867 eteorum
944 801 1122 888 quemlibet
1147 810 1388 886 procuratorem
1414 799 1610 886 legittimum

406 927 465 969 seu
479 906 694 984 defensorem,
710 905 883 990 quodvult
900 905 949 969 uti
964 906 1071 970 littera
1087 926 1145 968 sua
1159 903 1339 989 provisoria
1354 925 1413 968 seu
1427 905 1611 968 executoria

404 1008 476 1072 loco
490 1007 687 1072 narracionis
701 1007 801 1072 libelli
817 1029 875 1072 seu
890 1008 1016 1073 articuli
1030 1030 1107 1072 cum
1131 1008 1192 1072 hac
1218 1006 1402 1092 adjeecione
1427 1005 1609 1092 peticionis,

403 1110 555 1176 videlicet
582 1111 727 1197 probatis
757 1133 820 1196 que
850 1110 913 1175 sibi
943 1111 1104 1175 sufficiant
1132 1109 1166 1174 in
1196 1109 1375 1194 premissis,
1405 1110 1490 1194 petit
1515 1111 1609 1194 juxta

403 1217 552 1296 formam,
563 1216 642 1294 vim,
651 1216 805 1280 virtutem
822 1224 856 1280 et
870 1215 1022 1280 effectum
1034 1215 1119 1279 dicte
1134 1213 1241 1277 littere
1255 1213 1435 1298 provisorie
1456 1214 1496 1278 de
1519 1235 1609 1278 com-

403 1319 529 1402 petenti
558 1317 716 1383 benefieio
742 1327 909 1403 spectante
939 1317 981 1380 ad
1010 1314 1218 1381 collacionem
1246 1336 1306 1378 reu
1330 1315 1608 1400 presentacionem

404 1419 564 1484 dictorum
581 1418 707 1484 abbatia
723 1429 757 1484 et
782 1429 962 1483 conventus
979 1417 1041 1482 sibi
1062 1415 1225 1503 provideri
1247 1423 1282 1479 et
1304 1416 1393 1500 quod
1416 1417 1606 1481 canonicum

402 1527 454 1588 est
469 1524 568 1588 statui
579 1533 613 1589 et
628 1523 690 1588 sibi
705 1546 802 1609 super
817 1523 983 1609 premissis
998 1521 1129 1608 justicie
1149 1520 1424 1606 complementum
1443 1519 1598 1586 exbiberi.

447 1629 528 1693 Post
541 1628 602 1693 hec
617 1628 706 1692 citati
721 1627 873 1693 dominus
895 1627 995 1692 abbas
1011 1635 1044 1690 et
1058 1635 1251 1705 conventus,
1277 1633 1316 1689 ut
1331 1645 1428 1709 supra
1454 1634 1606 1704 notatur3

402 1740 654 1817 comparuerunt
680 1753 788 1796 coram
818 1730 951 1795 domino
981 1729 1137 1814 episcopo
1165 1748 1225 1812 per
1253 1736 1495 1813 procuratorem
1520 1729 1606 1812 apud

402 1832 651 1915 Ethelburgum,
667 1832 719 1897 die
735 1831 890 1896 Mercurii
905 1831 1054 1916 proxima
1068 1839 1145 1914 post
1158 1829 1279 1892 festum
1297 1827 1455 1892 Omnium
1471 1828 1606 1893 Sancto-

400 1957 474 2000 rum
500 1936 535 1999 in
550 1936 684 2001 ecclesia
705 1934 881 2020 parochiali
904 1935 1050 2020 ejusdem
1074 1933 1159 1997 ville.
1206 1930 1273 1996 Ubi
1295 1931 1403 1994 dictus
1420 1930 1605 1995 Willelmus

404 2038 589 2122 Champiun
604 2037 817 2123 personaliter
831 2037 1041 2122 comparavit.
1086 2037 1132 2099 Et
1157 2035 1233 2120 quia
1255 2031 1426 2097 videbatur
1440 2034 1470 2097 ei
1486 2034 1605 2098 dictam

401 2139 597 2226 peticionem
606 2162 677 2205 esse
692 2139 789 2204 nimis
804 2139 996 2225 generalem,
1012 2138 1157 2224 porrexit
1177 2138 1272 2202 aliam
1288 2135 1482 2221 peticionem
1498 2158 1605 2201 coram

400 2243 526 2328 prefato
541 2243 696 2328 episcopo
711 2242 773 2306 sub
788 2243 849 2307 hac
863 2243 968 2307 forma
977 2267 1031 2306 2-

445 2347 485 2410 In
500 2346 632 2411 nomine
640 2345 777 2412 Domini
791 2347 909 2412 Amen.
944 2345 1063 2410 Coram
1072 2343 1166 2409 vobis
1175 2341 1349 2409 venerabili
1365 2353 1456 2429 patre
1471 2343 1604 2418 domino

401 2449 533 2516 Olivero
544 2449 609 2515 Dei
617 2451 719 2536 gratia
729 2451 899 2515 Lincolnic
909 2450 1074 2535 episeopo,
1083 2447 1180 2513 unico
1189 2447 1356 2532 provisore
1366 2469 1424 2512 seu
1433 2458 1604 2514 executore

398 2575 418 2617 a
432 2555 508 2618 sede
523 2554 700 2638 apostolica
713 2554 747 2618 in
770 2553 904 2640 negocio
926 2553 1132 2637 infrascripto
1148 2552 1316 2636 deputato,
1331 2551 1403 2634 Ego
1419 2551 1604 2615 Willelmus

400 2654 562 2738 Campiun
574 2656 614 2720 de
628 2655 825 2740 lrtlingburc
839 2677 963 2741 pauper
977 2655 1111 2720 clericus
1129 2663 1237 2717 vestre
1253 2653 1390 2716 diocesis
1405 2651 1603 2716 constitutus

398 2756 601 2842 infrascripta
615 2778 774 2842 propono.
820 2757 906 2821 Cum
932 2777 991 2841 per
1016 2753 1255 2819 sanctissimum
1278 2761 1404 2837 patrem
1433 2752 1603 2817 dominum

399 2859 581 2923 Martinum
596 2881 714 2945 papam
730 2869 880 2945 quartum
896 2858 990 2924 vobis
1012 2877 1072 2943 per
1096 2854 1274 2942 apostolica
1296 2854 1415 2940 scripta
1429 2855 1602 2920 demanda·

398 2971 470 3027 tum
495 2962 615 3028 existat
629 2962 717 3049 quod
732 2984 791 3027 vos
807 2961 848 3027 de
869 2961 937 3028 vita
962 2971 997 3026 et
1021 2957 1271 3026 conversacione
1297 2979 1370 3023 mea
1396 2959 1531 3024 solerter
1552 2959 1603 3024 in-

399 3064 574 3151 quirentes,
589 3065 617 3129 si
633 3087 685 3129 me
700 3063 766 3130 vite
781 3062 950 3130 laudabilis
973 3071 1008 3128 et
1032 3063 1169 3126 honeste
1194 3061 1452 3127 conversacionis
1467 3083 1537 3126 esse
1553 3085 1603 3128 re·

398 3169 545 3254 pereritis
561 3177 595 3233 et
609 3168 695 3233 aliud
707 3169 961 3234 ecclesiasticum
971 3166 1165 3234 beneficium
1176 3187 1244 3230 non
1259 3165 1435 3252 optineam,
1450 3187 1510 3230 nec
1524 3165 1602 3230 alias

179 3289 239 3352 (fot.
251 3289 301 3341 otii.
312 3294 362 3356 aa)
399 3294 459 3357 pro
475 3295 527 3337 me
542 3273 731 3358 [scripserit
744 3273 832 3338 idem
855 3273 1007 3338 dominus
1022 3293 1118 3357 papa,
1138 3270 1290 3355 aliudque
1315 3270 1507 3335 canonicum
1533 3291 1601 3334 non

177 3381 316 3430 Demean
400 3374 539 3438 obsistat
561 3375 659 3438 michi
685 3375 865 3438 seeundum
893 3395 966 3438 mee
995 3372 1167 3458 probitatis
1198 3373 1313 3436 merita
1338 3373 1379 3436 de
1402 3370 1601 3456 competenti

399 3477 555 3542 beneficio
572 3499 646 3542 cum
662 3498 738 3542 cura
751 3477 804 3542 vel
819 3477 889 3541 sine
915 3497 992 3541 cura
1017 3483 1174 3540 consueto
1200 3474 1241 3538 ab
1268 3475 1346 3538 olim
1371 3474 1493 3538 clericis
1509 3495 1601 3537 secu-

398 3579 519 3644 laribus
548 3579 715 3663 assignari,
740 3589 907 3664 spectante
932 3578 974 3642 ad
1003 3577 1212 3643 collacionem
1241 3577 1293 3641 vel
1321 3576 1599 3661 presentacionem

399 3683 604 3749 dominorum
619 3683 745 3748 abbatis
760 3691 794 3748 et
808 3691 989 3747 conventus
1004 3680 1192 3745 monasterii
1208 3681 1310 3744 sancti
1334 3679 1421 3744 Petri
1437 3679 1476 3742 de
1489 3679 1600 3764 Burgo

398 3785 521 3851 ordinis
537 3787 641 3850 sancti
653 3785 822 3851 Benedicti
832 3783 1001 3848 Lincolnic
1023 3783 1161 3848 diocesis
1181 3782 1380 3868 conjunctim
1390 3782 1442 3847 vel
1458 3781 1599 3862 divisim,

399 3889 426 3954 si
438 3890 526 3974 quod
536 3889 569 3953 in
582 3888 711 3953 civitate
722 3889 775 3952 vel
786 3887 907 3952 diocesi
918 3885 1087 3950 Lincolnic
1101 3895 1248 3972 tempore
1258 3885 1477 3951 concessionis
1492 3885 1599 3952 littere

397 3991 575 4078 provisorie
591 3991 689 4056 michi
704 3989 738 4054 in
755 3992 815 4056 hac
828 4000 921 4076 parte
935 4009 1088 4055 concesse
1110 3990 1162 4054 vel
1178 3989 1341 4075 quamcito
1356 3990 1397 4053 ad
1412 3989 1446 4054 id
1468 3991 1599 4055 offerret

397 4115 432 4159 se
445 4093 592 4172 facultas,
608 4092 786 4157 dummodo
801 4114 860 4177 pro
875 4091 938 4156 alio
953 4113 1019 4154 non
1036 4090 1201 4176 scripserit
1217 4091 1322 4156 dictus
1347 4091 1499 4156 dominus
1514 4114 1599 4178 papa

354 4181 358 4190 ¹
397 4215 495 4282 super
509 4196 704 4262 conferendo
720 4195 782 4261 sibi
796 4195 953 4260 beneficio
968 4195 1010 4260 ad
1035 4196 1168 4260 eosdem
1183 4194 1334 4261 abbatem
1350 4205 1385 4259 et
1399 4204 1597 4260 conventum

395 4301 658 4384 pertinente,vel
672 4300 734 4386 ipsi
750 4323 816 4366 non
832 4299 899 4365 sint
917 4320 1015 4386 super
1039 4299 1171 4365 alterius
1197 4298 1383 4385 provisione
1407 4297 1597 4363 auctoritate
