3938 5022
411 619 451 696 78
723 637 939 683 onnonroon
964 635 1291 683 rnrnonunosnsu.

409 790 501 855 tundi
515 790 557 854 ad
568 789 704 855 eandem
714 788 842 854 cuidam
856 787 1000 854 Roberto
1015 798 1053 853 ut
1066 787 1134 853 filio
1149 787 1317 853 etheredi.
1348 787 1395 852 Et
1406 787 1447 851 de
1456 787 1529 872 ipso
1541 788 1608 853 lto-

408 891 512 972 berto,
524 892 579 979 qui
590 891 672 957 obiit
687 893 756 957 sine
771 892 889 956 herede
900 893 941 956 de
956 913 1002 972 se,
1014 891 1182 957 descendit
1192 891 1247 976 jus
1263 889 1471 976 presentandi
1480 890 1607 956 cuidam

407 995 549 1062 Albrede
561 1005 600 1061 ut
614 995 717 1060 sorori
732 1005 766 1060 et
779 995 901 1061 heredi.
946 996 993 1059 Et
1002 997 1042 1060 de
1053 996 1125 1081 ipsa
1135 995 1277 1060 Albreda
1288 995 1415 1060 cuidam
1429 994 1608 1059 Gundrede

408 1109 446 1165 ut
467 1100 532 1164 filie
554 1109 588 1164 et
601 1097 722 1179 heredi,
738 1107 772 1164 et
786 1100 827 1163 de
841 1099 913 1185 ipss
939 1099 1118 1165 Gundreds
1139 1099 1308 1165 descendit
1328 1100 1384 1184 jus
1399 1099 1607 1185 presentandi

407 1203 535 1268 cuidam
549 1202 695 1267 Waltero
710 1210 748 1266 ut
761 1201 829 1266 filio
849 1212 884 1266 et
900 1202 1023 1267 heredi.
1066 1203 1113 1266 Et
1127 1202 1168 1266 de
1183 1202 1256 1287 ipso
1270 1201 1417 1266 Waltero
1440 1202 1607 1266 deseendit

402 1306 459 1390 jus
473 1303 682 1391 presentandi
696 1304 768 1368 istis
785 1302 919 1368 Mebilie
935 1316 968 1368 et
983 1303 1125 1383 Matildi,
1141 1325 1203 1388 que
1215 1324 1302 1367 nune
1312 1311 1431 1388 petunt
1444 1325 1519 1367 cum
1534 1325 1607 1388 pre·

407 1407 501 1472 dictis
526 1407 604 1473 viris
631 1406 710 1487 suis,
724 1405 853 1470 filiabus
877 1415 911 1470 et
935 1405 1120 1486 heredibus,
1135 1415 1170 1469 et
1183 1405 1260 1470 inde
1274 1405 1460 1490 producunt
1474 1416 1606 1486 sectam,

406 1520 468 1576 etc.

449 1615 496 1679 Et
509 1613 608 1680 abbas
623 1635 682 1701 per
700 1623 901 1680 attornstum
924 1635 1021 1678 suum
1044 1612 1136 1679 venit
1158 1621 1193 1678 et
1215 1611 1299 1677 bene
1325 1613 1493 1697 cognoscit
1518 1613 1606 1699 quod

404 1719 569 1805 predictus
585 1719 685 1804 Hugo
707 1718 909 1803 presentavit
922 1717 1105 1803 predictum
1121 1715 1302 1781 Robertum
1329 1715 1481 1780 clericum
1509 1737 1604 1780 suum

404 1823 446 1886 ad
460 1821 638 1907 predictam
654 1821 834 1901 ecclesiam,
849 1829 888 1885 ut
901 1819 1085 1905 predictum
1100 1827 1172 1898 est3
1195 1819 1252 1883 sed
1268 1817 1347 1882 dicit
1366 1818 1453 1904 quod
1468 1819 1605 1905 predicti

406 1924 505 2010 Hugo
521 1923 622 1989 etalii
637 1923 736 1987 nichil
751 1924 888 1987 clamare
911 1931 1052 2006 possunt
1076 1921 1109 1986 in
1130 1921 1275 2007 predicta
1289 1921 1515 2001 advocacione,
1530 1922 1606 2008 quia

405 2026 484 2091 dicit
498 2025 586 2110 quod
599 2025 764 2110 predictus
780 2025 955 2101 Robertus,
970 2025 1057 2088 filius
1071 2025 1210 2109 predicti
1226 2024 1389 2108 Hugonis,
1403 2025 1497 2109 cujus
1510 2025 1604 2090 heres

403 2139 466 2194 etc.
481 2128 581 2207 dedit,
596 2128 757 2193 concessit
774 2137 808 2192 et
822 2137 910 2193 certe
925 2149 984 2192 sua
998 2127 1203 2192 confirmavit
1217 2128 1337 2192 Decet
1352 2127 1485 2193 ecclesie
1501 2127 1605 2193 sancti

405 2233 493 2297 Petri
507 2232 547 2297 de
564 2234 685 2318 Burgo,
714 2231 847 2297 domino
870 2230 1015 2297 Johanni
1038 2231 1078 2296 de
1105 2231 1221 2296 Caleto
1247 2229 1356 2295 abbati
1381 2241 1415 2296 et
1437 2230 1604 2297 monachis

402 2335 525 2401 ibidem
540 2337 613 2401 Deo
629 2335 845 2401 servientibus
860 2344 894 2400 et
915 2344 1075 2422 perpetuo
1101 2333 1269 2400 servituris
1292 2333 1327 2398 in
1353 2357 1468 2419 puram
1483 2344 1517 2399 et
1530 2355 1604 2421 per·

401 2448 534 2523 petuam
546 2438 755 2504 elemosinam
767 2449 873 2503 totum
889 2447 1112 2503 tenementum
1129 2459 1236 2517 suum,
1248 2437 1337 2523 quod
1351 2437 1466 2502 hebuit
1480 2437 1514 2501 in
1528 2437 1604 2501 villa

402 2542 443 2607 de
468 2543 646 2622 Pokebroc‚
676 2565 751 2606 cum
777 2541 993 2606 advocacione
1019 2541 1153 2606 ecclesie
1176 2542 1325 2625 ejusdem
1354 2541 1441 2620 ville,
1471 2549 1538 2604 tam
1567 2541 1602 2604 in

401 2643 584 2727 mesuagiis,
613 2641 760 2720 edificiis,
788 2641 942 2726 gardinis,
971 2641 1066 2705 terris
1096 2640 1298 2720 arrabilibus,
1327 2640 1441 2726 pratis,
1461 2641 1602 2724 pascuis,

400 2743 545 2828 piscariis
561 2752 595 2808 et
602 2742 756 2828 pasturis,
769 2765 866 2827 quam
882 2743 916 2806 in
931 2742 1123 2822 redditibus,
1134 2741 1289 2820 serviciis,
1300 2739 1601 2822 consuetudinibus,

400 2843 569 2930 homagiis,
591 2841 813 2923 fidelitatibus,
836 2843 963 2924 werdis,
987 2843 1125 2923 releviis,
1154 2845 1301 2923 esceetis,
1330 2843 1474 2922 berietis,
1505 2844 1601 2909 sectis

399 2947 572 3033 villenugii,
600 2967 765 3012 unacum
791 2945 919 3011 villenis
944 2955 1116 3011 eteorum
1143 2944 1282 3030 sequelis
1308 2955 1342 3011 et
1367 2945 1500 3026 catellis,
1526 2968 1601 3012 cum

400 3050 491 3116 omni
502 3052 574 3136 jure
589 3050 676 3137 quod
699 3049 816 3114 hebuit
838 3049 873 3113 in
889 3049 977 3114 dicto
1000 3059 1188 3114 tenemento
1215 3069 1290 3114 cum
1310 3049 1378 3114 suis
1392 3050 1601 3135 pertinenciis

399 3154 552 3240 predictis
564 3154 605 3219 ad
614 3153 737 3218 dictum
749 3161 972 3218 tenementum
985 3149 1219 3236 spectantibus.
1241 3151 1288 3216 Et
1301 3153 1425 3239 profert
1440 3154 1601 3238 quandam

401 3267 521 3322 certam
537 3257 598 3322 sub
613 3255 746 3321 nomine
761 3256 840 3321 dicti
867 3253 1013 3334 Roberti,
1028 3274 1091 3339 que
1114 3254 1178 3322 hoc
1201 3263 1350 3320 testatur.
1395 3255 1441 3319 Et
1466 3255 1602 3342 predicti

402 3359 502 3444 Hugo
525 3359 634 3424 etalii
655 3381 722 3424 non
744 3359 969 3443 possunthoc
992 3357 1150 3423 dedicere.
1195 3357 1303 3423 Immo
1329 3359 1392 3424 hoc
1417 3356 1501 3423 bene
1526 3381 1601 3445 cog·

400 3469 553 3526 noscunt.
601 3462 681 3525 Ideo
695 3460 937 3524 consideratum
952 3471 1003 3525 est
1028 3461 1116 3545 quod
1139 3461 1305 3544 predictus
1331 3460 1431 3525 abbas
1457 3470 1510 3525 eet
1524 3461 1600 3526 inde

402 3563 472 3628 sine
498 3563 572 3642 die3
601 3571 635 3627 et
657 3561 796 3647 predicti
827 3562 938 3646 Hugo,
964 3562 1110 3643 Mobilis,
1135 3564 1234 3648 Hugo
1264 3573 1298 3628 et
1322 3563 1471 3627 Motildis
1500 3563 1598 3628 nichil

400 3665 529 3750 capiant
543 3686 601 3751 per
615 3664 713 3730 breve
728 3685 835 3742 suum,
851 3663 908 3729 sed
931 3664 1045 3729 sintin
1069 3663 1287 3730 misericordia
1301 3685 1360 3748 pro
1375 3663 1457 3727 falso
1472 3663 1599 3729 clemic.

400 3768 447 3833 Et
460 3769 625 3853 predictus
640 3765 740 3831 abbss
767 3765 886 3830 habeut
906 3764 1004 3831 breve
1028 3788 1124 3830 suum
1147 3765 1189 3829 ad
1214 3767 1403 3852 episcopum
1429 3765 1599 3832 Lincolnie

400 3870 499 3956 quod,
513 3891 579 3933 non
603 3868 753 3934 obstante
777 3867 1007 3932 reclamacione
1026 3867 1246 3954 predictorum
1264 3869 1428 3954 Hugonis,
1452 3869 1599 3951 Mobilie,

400 3971 554 4058 Hugonis
568 3981 603 4037 et
618 3971 779 4052 Metildis,
795 3971 836 4035 od
851 3970 1131 4055 presentacionem
1147 3971 1285 4055 predicti
1310 3971 1438 4037 abbatis
1461 3973 1502 4038 ad
1526 3995 1600 4060 pre·

398 4074 700 4142 dictamecclesiam
715 4075 866 4139 idoneam
880 4093 1053 4159 personam
1069 4074 1230 4156 admittet,
1246 4085 1307 4142 eto.
1653 4059 1666 4084 ⁰

441 4181 493 4246 Ad
507 4179 627 4246 dictam
650 4199 728 4246 vero
750 4177 918 4246 ecclesiam
944 4187 1150 4263 presentatus
1174 4191 1226 4245 est
1249 4180 1402 4248 dominus
1428 4182 1598 4249 Johennes
