<?xml version="1.0" encoding="UTF-8"?>
<!DOCTYPE html PUBLIC "-//W3C//DTD XHTML 1.0 Transitional//EN"
    "http://www.w3.org/TR/xhtml1/DTD/xhtml1-transitional.dtd">
<html xmlns="http://www.w3.org/1999/xhtml" xml:lang="en" lang="en">
 <head>
  <title>
</title>
<meta http-equiv="Content-Type" content="text/html;charset=utf-8" />
  <meta name='ocr-system' content='tesseract 3.04.00' />
  <meta name='ocr-capabilities' content='ocr_page ocr_carea ocr_par ocr_line ocrx_word'/>
</head>
<body>
  <div class='ocr_page' id='page_1' title='image "./chroniconpetrob01brucgoog_0104.png"; bbox 0 0 3938 5022; ppageno 0'>
   <div class='ocr_carea' id='block_1_1' title="bbox 399 639 1277 699">
    <p class='ocr_par' dir='ltr' id='par_1_1' title="bbox 399 639 1277 699">
     <span class='ocr_line' id='line_1_1' title="bbox 399 639 1277 699; baseline -0.018 0"><span class='ocrx_word' id='word_1_1' title='bbox 399 639 440 699; x_wconf 84' lang='grc'><strong>84</strong></span> <span class='ocrx_word' id='word_1_2' title='bbox 718 643 930 690; x_wconf 73' lang='grc' dir='ltr'><strong>οιιιιοιιιοοιι</strong></span> <span class='ocrx_word' id='word_1_3' title='bbox 950 641 1277 685; x_wconf 78' lang='lat' dir='ltr'><strong>ruraoeunsrrvss.</strong></span> 
     </span>
    </p>
   </div>
   <div class='ocr_carea' id='block_1_2' title="bbox 400 787 1615 2628">
    <p class='ocr_par' dir='ltr' id='par_1_2' title="bbox 400 787 1612 2297">
     <span class='ocr_line' id='line_1_2' title="bbox 400 787 1603 885; baseline -0.015 -15"><span class='ocrx_word' id='word_1_4' title='bbox 400 813 548 870; x_wconf 85' lang='lat' dir='ltr'><strong>nostrum</strong></span> <span class='ocrx_word' id='word_1_5' title='bbox 571 798 775 885; x_wconf 89' lang='lat' dir='ltr'><strong>puplicantes</strong></span> <span class='ocrx_word' id='word_1_6' title='bbox 801 795 862 860; x_wconf 85' lang='lat' dir='ltr'><strong>sub</strong></span> <span class='ocrx_word' id='word_1_7' title='bbox 888 793 976 859; x_wconf 92' lang='lat' dir='ltr'><strong>bono</strong></span> <span class='ocrx_word' id='word_1_8' title='bbox 999 791 1188 858; x_wconf 86' lang='lat' dir='ltr'><strong>testimonio</strong></span> <span class='ocrx_word' id='word_1_9' title='bbox 1212 788 1387 855; x_wconf 87' lang='lat' dir='ltr'><strong>inhibeatis</strong></span> <span class='ocrx_word' id='word_1_10' title='bbox 1412 787 1546 866; x_wconf 89' lang='lat' dir='ltr'><strong>eisdem,</strong></span> <span class='ocrx_word' id='word_1_11' title='bbox 1561 807 1603 852; x_wconf 86' lang='lat' dir='ltr'><strong>ne</strong></span> 
     </span>
     <span class='ocr_line' id='line_1_3' title="bbox 401 888 1603 988; baseline -0.017 -16"><span class='ocrx_word' id='word_1_12' title='bbox 401 915 514 974; x_wconf 84' lang='lat' dir='ltr'><strong>contra</strong></span> <span class='ocrx_word' id='word_1_13' title='bbox 535 899 723 988; x_wconf 89' lang='lat' dir='ltr'><strong>hujusmodi</strong></span> <span class='ocrx_word' id='word_1_14' title='bbox 747 899 869 963; x_wconf 82' lang='lat' dir='ltr'><strong>lactum</strong></span> <span class='ocrx_word' id='word_1_15' title='bbox 895 903 1045 961; x_wconf 86' lang='lat' dir='ltr'><strong>nostrum</strong></span> <span class='ocrx_word' id='word_1_16' title='bbox 1070 892 1192 977; x_wconf 83' lang='lat' dir='ltr'><strong>aliquid</strong></span> <span class='ocrx_word' id='word_1_17' title='bbox 1214 912 1272 976; x_wconf 91' lang='lat' dir='ltr'><strong>per</strong></span> <span class='ocrx_word' id='word_1_18' title='bbox 1297 911 1333 956; x_wconf 88' lang='lat' dir='ltr'><strong>se</strong></span> <span class='ocrx_word' id='word_1_19' title='bbox 1357 889 1409 956; x_wconf 90' lang='lat' dir='ltr'><strong>vel</strong></span> <span class='ocrx_word' id='word_1_20' title='bbox 1432 910 1490 975; x_wconf 91' lang='lat' dir='ltr'><strong>per</strong></span> <span class='ocrx_word' id='word_1_21' title='bbox 1504 888 1603 954; x_wconf 87' lang='lat' dir='ltr'><strong>alium</strong></span> 
     </span>
     <span class='ocr_line' id='line_1_4' title="bbox 402 992 1605 1092; baseline -0.017 -17"><span class='ocrx_word' id='word_1_22' title='bbox 402 1015 599 1092; x_wconf 87' lang='lat' dir='ltr'><strong>attemptent</strong></span> <span class='ocrx_word' id='word_1_23' title='bbox 612 1004 665 1070; x_wconf 92' lang='lat' dir='ltr'><strong>vel</strong></span> <span class='ocrx_word' id='word_1_24' title='bbox 679 999 865 1086; x_wconf 70' lang='lat' dir='ltr'><strong>attemptari</strong></span> <span class='ocrx_word' id='word_1_25' title='bbox 879 999 999 1064; x_wconf 81' lang='lat' dir='ltr'><strong>faciant</strong></span> <span class='ocrx_word' id='word_1_26' title='bbox 1009 1018 1140 1083; x_wconf 92' lang='lat' dir='ltr'><strong>quoquo</strong></span> <span class='ocrx_word' id='word_1_27' title='bbox 1155 995 1253 1060; x_wconf 92' lang='lat' dir='ltr'><strong>modo</strong></span> <span class='ocrx_word' id='word_1_28' title='bbox 1268 993 1303 1058; x_wconf 95' lang='lat' dir='ltr'><strong>in</strong></span> <span class='ocrx_word' id='word_1_29' title='bbox 1318 992 1497 1058; x_wconf 79' lang='lat' dir='ltr'>elusionem</span> <span class='ocrx_word' id='word_1_30' title='bbox 1513 1013 1605 1056; x_wconf 87' lang='lat' dir='ltr'><strong>man·</strong></span> 
     </span>
     <span class='ocr_line' id='line_1_5' title="bbox 403 1094 1605 1196; baseline -0.015 -19"><span class='ocrx_word' id='word_1_31' title='bbox 403 1111 472 1177; x_wconf 88' lang='lat' dir='ltr'><strong>dati</strong></span> <span class='ocrx_word' id='word_1_32' title='bbox 496 1107 666 1196; x_wconf 89' lang='lat' dir='ltr'><strong>apostolici</strong></span> <span class='ocrx_word' id='word_1_33' title='bbox 692 1129 749 1170; x_wconf 88' lang='lat' dir='ltr'><strong>seu</strong></span> <span class='ocrx_word' id='word_1_34' title='bbox 775 1102 990 1191; x_wconf 84' lang='lat' dir='ltr'><strong>prejudicium</strong></span> <span class='ocrx_word' id='word_1_35' title='bbox 1015 1099 1245 1166; x_wconf 88' lang='lat' dir='ltr'><strong>reservacionis</strong></span> <span class='ocrx_word' id='word_1_36' title='bbox 1270 1107 1383 1164; x_wconf 86' lang='lat' dir='ltr'><strong>nostre</strong></span> <span class='ocrx_word' id='word_1_37' title='bbox 1408 1097 1461 1162; x_wconf 89' lang='lat' dir='ltr'><strong>vel</strong></span> <span class='ocrx_word' id='word_1_38' title='bbox 1485 1094 1605 1160; x_wconf 78' lang='lat' dir='ltr'>decreti</span> 
     </span>
     <span class='ocr_line' id='line_1_6' title="bbox 404 1199 1606 1300; baseline -0.014 -20"><span class='ocrx_word' id='word_1_39' title='bbox 404 1213 590 1300; x_wconf 77' lang='lat' dir='ltr'><strong>supradicti,</strong></span> <span class='ocrx_word' id='word_1_40' title='bbox 616 1209 849 1275; x_wconf 79' lang='lat' dir='ltr'><strong>denunciantes</strong></span> <span class='ocrx_word' id='word_1_41' title='bbox 872 1204 1102 1271; x_wconf 83' lang='lat' dir='ltr'><strong>nichilominus</strong></span> <span class='ocrx_word' id='word_1_42' title='bbox 1126 1225 1166 1268; x_wconf 87' lang='lat' dir='ltr'><strong>ex</strong></span> <span class='ocrx_word' id='word_1_43' title='bbox 1191 1203 1293 1289; x_wconf 84' lang='lat' dir='ltr'><strong>gratia</strong></span> <span class='ocrx_word' id='word_1_44' title='bbox 1315 1200 1443 1287; x_wconf 89' lang='lat' dir='ltr'><strong>speciali</strong></span> <span class='ocrx_word' id='word_1_45' title='bbox 1459 1199 1606 1286; x_wconf 90' lang='lat' dir='ltr'><strong>predicto</strong></span> 
     </span>
     <span class='ocr_line' id='line_1_7' title="bbox 404 1304 1607 1393; baseline -0.013 -12"><span class='ocrx_word' id='word_1_46' title='bbox 404 1317 537 1382; x_wconf 91' lang='lat' dir='ltr'><strong>domino</strong></span> <span class='ocrx_word' id='word_1_47' title='bbox 562 1312 672 1378; x_wconf 86' lang='lat' dir='ltr'><strong>abbati</strong></span> <span class='ocrx_word' id='word_1_48' title='bbox 695 1321 730 1376; x_wconf 92' lang='lat' dir='ltr'><strong>et</strong></span> <span class='ocrx_word' id='word_1_49' title='bbox 754 1308 929 1375; x_wconf 90' lang='lat' dir='ltr'><strong>conventui</strong></span> <span class='ocrx_word' id='word_1_50' title='bbox 955 1329 1015 1373; x_wconf 89' lang='lat' dir='ltr'><strong>suo</strong></span> <span class='ocrx_word' id='word_1_51' title='bbox 1038 1328 1097 1393; x_wconf 87' lang='lat' dir='ltr'><strong>per</strong></span> <span class='ocrx_word' id='word_1_52' title='bbox 1122 1306 1274 1385; x_wconf 89' lang='lat' dir='ltr'><strong>eundem,</strong></span> <span class='ocrx_word' id='word_1_53' title='bbox 1289 1304 1377 1390; x_wconf 88' lang='lat' dir='ltr'><strong>quod</strong></span> <span class='ocrx_word' id='word_1_54' title='bbox 1398 1309 1607 1388; x_wconf 83' lang='lat' dir='ltr'><strong>compareant</strong></span> 
     </span>
     <span class='ocr_line' id='line_1_8' title="bbox 404 1405 1607 1498; baseline -0.012 -16"><span class='ocrx_word' id='word_1_55' title='bbox 404 1439 511 1484; x_wconf 90' lang='lat' dir='ltr'><strong>coram</strong></span> <span class='ocrx_word' id='word_1_56' title='bbox 527 1414 622 1480; x_wconf 86' lang='lat' dir='ltr'><strong>uobis</strong></span> <span class='ocrx_word' id='word_1_57' title='bbox 637 1413 734 1478; x_wconf 91' lang='lat' dir='ltr'><strong>tertio</strong></span> <span class='ocrx_word' id='word_1_58' title='bbox 758 1413 810 1478; x_wconf 92' lang='lat' dir='ltr'><strong>die</strong></span> <span class='ocrx_word' id='word_1_59' title='bbox 821 1411 961 1498; x_wconf 92' lang='lat' dir='ltr'><strong>juridico</strong></span> <span class='ocrx_word' id='word_1_60' title='bbox 977 1419 1055 1497; x_wconf 93' lang='lat' dir='ltr'><strong>post</strong></span> <span class='ocrx_word' id='word_1_61' title='bbox 1076 1411 1197 1475; x_wconf 77' lang='lat' dir='ltr'><strong>festum</strong></span> <span class='ocrx_word' id='word_1_62' title='bbox 1213 1407 1373 1474; x_wconf 87' lang='lat' dir='ltr'><strong>Omnium</strong></span> <span class='ocrx_word' id='word_1_63' title='bbox 1400 1405 1607 1482; x_wconf 86' lang='lat' dir='ltr'><strong>Sanctorum,</strong></span> 
     </span>
     <span class='ocr_line' id='line_1_9' title="bbox 404 1507 1607 1603; baseline -0.013 -18"><span class='ocrx_word' id='word_1_64' title='bbox 404 1519 600 1603; x_wconf 88' lang='lat' dir='ltr'><strong>ubicumque</strong></span> <span class='ocrx_word' id='word_1_65' title='bbox 623 1525 703 1580; x_wconf 91' lang='lat' dir='ltr'><strong>tunc</strong></span> <span class='ocrx_word' id='word_1_66' title='bbox 726 1515 883 1580; x_wconf 85' lang='lat' dir='ltr'><strong>fuerimus</strong></span> <span class='ocrx_word' id='word_1_67' title='bbox 908 1512 943 1578; x_wconf 91' lang='lat' dir='ltr'><strong>in</strong></span> <span class='ocrx_word' id='word_1_68' title='bbox 968 1522 1081 1578; x_wconf 85' lang='lat' dir='ltr'><strong>nostra</strong></span> <span class='ocrx_word' id='word_1_69' title='bbox 1106 1511 1238 1590; x_wconf 85' lang='lat' dir='ltr'><strong>diocesi,</strong></span> <span class='ocrx_word' id='word_1_70' title='bbox 1262 1510 1290 1576; x_wconf 89' lang='lat' dir='ltr'><strong>si</strong></span> <span class='ocrx_word' id='word_1_71' title='bbox 1316 1510 1393 1596; x_wconf 91' lang='lat' dir='ltr'><strong>quid</strong></span> <span class='ocrx_word' id='word_1_72' title='bbox 1416 1507 1607 1576; x_wconf 89' lang='lat' dir='ltr'><strong>canonicum</strong></span> 
     </span>
     <span class='ocr_line' id='line_1_10' title="bbox 405 1611 1611 1704; baseline -0.012 -17"><span class='ocrx_word' id='word_1_73' title='bbox 405 1620 581 1686; x_wconf 80' lang='lat' dir='ltr'><strong>habuerint</strong></span> <span class='ocrx_word' id='word_1_74' title='bbox 606 1638 704 1704; x_wconf 88' lang='lat' dir='ltr'><strong>quare</strong></span> <span class='ocrx_word' id='word_1_75' title='bbox 723 1617 764 1681; x_wconf 89' lang='lat' dir='ltr'><strong>ad</strong></span> <span class='ocrx_word' id='word_1_76' title='bbox 779 1615 997 1701; x_wconf 82' lang='lat' dir='ltr'><strong>provisionem</strong></span> <span class='ocrx_word' id='word_1_77' title='bbox 1011 1614 1064 1679; x_wconf 89' lang='lat' dir='ltr'><strong>vel</strong></span> <span class='ocrx_word' id='word_1_78' title='bbox 1079 1614 1286 1679; x_wconf 90' lang='lat' dir='ltr'><strong>collacionem</strong></span> <span class='ocrx_word' id='word_1_79' title='bbox 1303 1611 1520 1699; x_wconf 83' lang='lat' dir='ltr'><strong>supradictam</strong></span> <span class='ocrx_word' id='word_1_80' title='bbox 1535 1629 1611 1694; x_wconf 91' lang='lat' dir='ltr'><strong>pro·</strong></span> 
     </span>
     <span class='ocr_line' id='line_1_11' title="bbox 407 1709 1611 1802; baseline -0.012 -12"><span class='ocrx_word' id='word_1_81' title='bbox 407 1724 519 1790; x_wconf 87' lang='lat' dir='ltr'><strong>cedere</strong></span> <span class='ocrx_word' id='word_1_82' title='bbox 543 1743 611 1786; x_wconf 89' lang='lat' dir='ltr'><strong>non</strong></span> <span class='ocrx_word' id='word_1_83' title='bbox 635 1718 810 1785; x_wconf 86' lang='lat' dir='ltr'><strong>debeamus</strong></span> <span class='ocrx_word' id='word_1_84' title='bbox 833 1715 1034 1802; x_wconf 85' lang='lat' dir='ltr'><strong>proposituri</strong></span> <span class='ocrx_word' id='word_1_85' title='bbox 1048 1725 1083 1780; x_wconf 91' lang='lat' dir='ltr'><strong>et</strong></span> <span class='ocrx_word' id='word_1_86' title='bbox 1104 1716 1239 1780; x_wconf 91' lang='lat' dir='ltr'><strong>ulterius</strong></span> <span class='ocrx_word' id='word_1_87' title='bbox 1262 1714 1379 1782; x_wconf 82' lang='lat' dir='ltr'><strong>facturi</strong></span> <span class='ocrx_word' id='word_1_88' title='bbox 1393 1724 1427 1780; x_wconf 90' lang='lat' dir='ltr'><strong>et</strong></span> <span class='ocrx_word' id='word_1_89' title='bbox 1451 1709 1611 1798; x_wconf 87' lang='lat' dir='ltr'><strong>recepturi</strong></span> 
     </span>
     <span class='ocr_line' id='line_1_12' title="bbox 407 1814 1611 1912; baseline -0.011 -21"><span class='ocrx_word' id='word_1_90' title='bbox 407 1826 495 1912; x_wconf 93' lang='lat' dir='ltr'><strong>quod</strong></span> <span class='ocrx_word' id='word_1_91' title='bbox 517 1823 638 1889; x_wconf 87' lang='lat' dir='ltr'><strong>racioni</strong></span> <span class='ocrx_word' id='word_1_92' title='bbox 664 1817 817 1886; x_wconf 89' lang='lat' dir='ltr'><strong>convenit</strong></span> <span class='ocrx_word' id='word_1_93' title='bbox 842 1827 876 1882; x_wconf 91' lang='lat' dir='ltr'><strong>et</strong></span> <span class='ocrx_word' id='word_1_94' title='bbox 900 1817 1047 1902; x_wconf 84' lang='lat' dir='ltr'><strong>equitati.</strong></span> <span class='ocrx_word' id='word_1_95' title='bbox 1092 1817 1137 1882; x_wconf 86' lang='lat' dir='ltr'><strong>Et</strong></span> <span class='ocrx_word' id='word_1_96' title='bbox 1162 1819 1241 1904; x_wconf 93' lang='lat' dir='ltr'><strong>quid</strong></span> <span class='ocrx_word' id='word_1_97' title='bbox 1267 1818 1441 1904; x_wconf 86' lang='lat' dir='ltr'><strong>superbiis</strong></span> <span class='ocrx_word' id='word_1_98' title='bbox 1456 1814 1611 1881; x_wconf 89' lang='lat' dir='ltr'><strong>omnibus</strong></span> 
     </span>
     <span class='ocr_line' id='line_1_13' title="bbox 407 1919 1610 2008; baseline -0.007 -17"><span class='ocrx_word' id='word_1_99' title='bbox 407 1924 558 2002; x_wconf 82' lang='lat' dir='ltr'><strong>feceritis,</strong></span> <span class='ocrx_word' id='word_1_100' title='bbox 581 1922 678 1987; x_wconf 87' lang='lat' dir='ltr'><strong>nobis</strong></span> <span class='ocrx_word' id='word_1_101' title='bbox 692 1942 750 2006; x_wconf 91' lang='lat' dir='ltr'><strong>per</strong></span> <span class='ocrx_word' id='word_1_102' title='bbox 764 1921 889 1986; x_wconf 84' lang='lat' dir='ltr'><strong>litteras</strong></span> <span class='ocrx_word' id='word_1_103' title='bbox 904 1931 1028 1986; x_wconf 86' lang='lat' dir='ltr'><strong>vestras</strong></span> <span class='ocrx_word' id='word_1_104' title='bbox 1051 1931 1201 2008; x_wconf 87' lang='lat' dir='ltr'><strong>patentes</strong></span> <span class='ocrx_word' id='word_1_105' title='bbox 1225 1925 1340 1988; x_wconf 88' lang='lat' dir='ltr'><strong>harum</strong></span> <span class='ocrx_word' id='word_1_106' title='bbox 1364 1921 1480 1988; x_wconf 91' lang='lat' dir='ltr'><strong>seriem</strong></span> <span class='ocrx_word' id='word_1_107' title='bbox 1506 1919 1610 1985; x_wconf 91' lang='lat' dir='ltr'><strong>conti·</strong></span> 
     </span>
     <span class='ocr_line' id='line_1_14' title="bbox 406 2023 1611 2110; baseline -0.004 -18"><span class='ocrx_word' id='word_1_108' title='bbox 406 2036 521 2092; x_wconf 85' lang='lat' dir='ltr'><strong>nentes</strong></span> <span class='ocrx_word' id='word_1_109' title='bbox 538 2023 724 2110; x_wconf 85' lang='lat' dir='ltr'><strong>significetis</strong></span> <span class='ocrx_word' id='word_1_110' title='bbox 739 2045 799 2108; x_wconf 89' lang='lat' dir='ltr'><strong>pro</strong></span> <span class='ocrx_word' id='word_1_111' title='bbox 814 2032 961 2107; x_wconf 91' lang='lat' dir='ltr'><strong>tempore</strong></span> <span class='ocrx_word' id='word_1_112' title='bbox 975 2033 1149 2108; x_wconf 90' lang='lat' dir='ltr'><strong>oportuno.</strong></span> <span class='ocrx_word' id='word_1_113' title='bbox 1194 2026 1318 2090; x_wconf 85' lang='lat' dir='ltr'><strong>Datum</strong></span> <span class='ocrx_word' id='word_1_114' title='bbox 1331 2024 1522 2102; x_wconf 90' lang='lat' dir='ltr'><strong>Londoniis,</strong></span> <span class='ocrx_word' id='word_1_115' title='bbox 1538 2043 1611 2108; x_wconf 87' lang='lat' dir='ltr'><strong>sep·</strong></span> 
     </span>
     <span class='ocr_line' id='line_1_15' title="bbox 407 2124 1612 2212; baseline -0.003 -18"><span class='ocrx_word' id='word_1_116' title='bbox 407 2129 489 2194; x_wconf 92' lang='lat' dir='ltr'><strong>timo</strong></span> <span class='ocrx_word' id='word_1_117' title='bbox 503 2126 577 2190; x_wconf 91' lang='lat' dir='ltr'><strong>idus</strong></span> <span class='ocrx_word' id='word_1_118' title='bbox 593 2124 757 2202; x_wconf 88' lang='lat' dir='ltr'><strong>Octobris,</strong></span> <span class='ocrx_word' id='word_1_119' title='bbox 773 2145 859 2188; x_wconf 87' lang='lat' dir='ltr'><strong>anno</strong></span> <span class='ocrx_word' id='word_1_120' title='bbox 874 2124 1010 2189; x_wconf 90' lang='lat' dir='ltr'><strong>Domini</strong></span> <span class='ocrx_word' id='word_1_121' title='bbox 1020 2125 1217 2190; x_wconf 83' lang='lat' dir='ltr'><strong>M⁰oc⁰lxxx⁰</strong></span> <span class='ocrx_word' id='word_1_122' title='bbox 1225 2127 1343 2212; x_wconf 90' lang='lat' dir='ltr'><strong>primo,</strong></span> <span class='ocrx_word' id='word_1_123' title='bbox 1354 2136 1388 2192; x_wconf 90' lang='lat' dir='ltr'><strong>et</strong></span> <span class='ocrx_word' id='word_1_124' title='bbox 1402 2125 1612 2212; x_wconf 83' lang='lat' dir='ltr'><strong>pontificatus</strong></span> 
     </span>
     <span class='ocr_line' id='line_1_16' title="bbox 408 2227 785 2297; baseline -0.016 0"><span class='ocrx_word' id='word_1_125' title='bbox 408 2230 513 2297; x_wconf 90' lang='lat' dir='ltr'><strong>nostri</strong></span> <span class='ocrx_word' id='word_1_126' title='bbox 527 2249 614 2294; x_wconf 90' lang='lat' dir='ltr'><strong>anno</strong></span> <span class='ocrx_word' id='word_1_127' title='bbox 630 2227 785 2292; x_wconf 89' lang='lat' dir='ltr'><strong>secundo.</strong></span> 
     </span>
    </p>

    <p class='ocr_par' dir='ltr' id='par_1_3' title="bbox 410 2329 1615 2628">
     <span class='ocr_line' id='line_1_17' title="bbox 453 2329 1613 2417; baseline -0.005 -15"><span class='ocrx_word' id='word_1_128' title='bbox 453 2334 582 2402; x_wconf 87' lang='lat' dir='ltr'><strong>Deinde</strong></span> <span class='ocrx_word' id='word_1_129' title='bbox 597 2333 681 2398; x_wconf 85' lang='lat' dir='ltr'><strong>fecta</strong></span> <span class='ocrx_word' id='word_1_130' title='bbox 702 2332 765 2398; x_wconf 88' lang='lat' dir='ltr'><strong>fuit</strong></span> <span class='ocrx_word' id='word_1_131' title='bbox 780 2330 971 2398; x_wconf 88' lang='lat' dir='ltr'><strong>certificacio</strong></span> <span class='ocrx_word' id='word_1_132' title='bbox 992 2331 1136 2417; x_wconf 87' lang='lat' dir='ltr'><strong>predicte</strong></span> <span class='ocrx_word' id='word_1_133' title='bbox 1150 2331 1358 2400; x_wconf 90' lang='lat' dir='ltr'><strong>inhibicionis</strong></span> <span class='ocrx_word' id='word_1_134' title='bbox 1374 2350 1408 2400; x_wconf 89' lang='lat' dir='ltr'><strong>et</strong></span> <span class='ocrx_word' id='word_1_135' title='bbox 1422 2335 1539 2400; x_wconf 87' lang='lat' dir='ltr'><strong>citatus</strong></span> <span class='ocrx_word' id='word_1_136' title='bbox 1550 2329 1613 2398; x_wconf 85' lang='lat' dir='ltr'><strong>fuit</strong></span> 
     </span>
     <span class='ocr_line' id='line_1_18' title="bbox 410 2435 1615 2524; baseline -0.004 -18"><span class='ocrx_word' id='word_1_137' title='bbox 410 2440 562 2506; x_wconf 90' lang='lat' dir='ltr'><strong>dominus</strong></span> <span class='ocrx_word' id='word_1_138' title='bbox 574 2437 674 2502; x_wconf 84' lang='lat' dir='ltr'><strong>abbas</strong></span> <span class='ocrx_word' id='word_1_139' title='bbox 683 2458 741 2522; x_wconf 93' lang='lat' dir='ltr'><strong>per</strong></span> <span class='ocrx_word' id='word_1_140' title='bbox 750 2436 891 2502; x_wconf 79' lang='lat' dir='ltr'><strong>litteram</strong></span> <span class='ocrx_word' id='word_1_141' title='bbox 903 2435 1091 2521; x_wconf 83' lang='lat' dir='ltr'><strong>predictam,</strong></span> <span class='ocrx_word' id='word_1_142' title='bbox 1101 2437 1188 2523; x_wconf 92' lang='lat' dir='ltr'><strong>quod</strong></span> <span class='ocrx_word' id='word_1_143' title='bbox 1197 2449 1398 2524; x_wconf 88' lang='lat' dir='ltr'><strong>compareret</strong></span> <span class='ocrx_word' id='word_1_144' title='bbox 1406 2461 1514 2504; x_wconf 86' lang='lat' dir='ltr'><strong>coram</strong></span> <span class='ocrx_word' id='word_1_145' title='bbox 1526 2437 1615 2502; x_wconf 90' lang='lat' dir='ltr'><strong>dicto</strong></span> 
     </span>
     <span class='ocr_line' id='line_1_19' title="bbox 412 2540 1615 2628; baseline -0.003 -21"><span class='ocrx_word' id='word_1_146' title='bbox 412 2544 545 2608; x_wconf 88' lang='lat' dir='ltr'><strong>domino</strong></span> <span class='ocrx_word' id='word_1_147' title='bbox 561 2541 714 2626; x_wconf 92' lang='lat' dir='ltr'><strong>episcopo</strong></span> <span class='ocrx_word' id='word_1_148' title='bbox 724 2540 765 2604; x_wconf 86' lang='lat' dir='ltr'><strong>ad</strong></span> <span class='ocrx_word' id='word_1_149' title='bbox 775 2540 1023 2625; x_wconf 90' lang='lat' dir='ltr'><strong>proponendum</strong></span> <span class='ocrx_word' id='word_1_150' title='bbox 1036 2563 1143 2606; x_wconf 89' lang='lat' dir='ltr'><strong>coram</strong></span> <span class='ocrx_word' id='word_1_151' title='bbox 1157 2563 1207 2622; x_wconf 91' lang='lat' dir='ltr'><strong>eo,</strong></span> <span class='ocrx_word' id='word_1_152' title='bbox 1223 2543 1337 2628; x_wconf 91' lang='lat' dir='ltr'><strong>siquid</strong></span> <span class='ocrx_word' id='word_1_153' title='bbox 1349 2565 1408 2627; x_wconf 92' lang='lat' dir='ltr'><strong>pro</strong></span> <span class='ocrx_word' id='word_1_154' title='bbox 1424 2565 1459 2606; x_wconf 86' lang='lat' dir='ltr'><strong>se</strong></span> <span class='ocrx_word' id='word_1_155' title='bbox 1480 2540 1615 2606; x_wconf 86' lang='lat' dir='ltr'><strong>haberet</strong></span> 
     </span>
    </p>
   </div>
   <div class='ocr_carea' id='block_1_3' title="bbox 413 2642 1616 2809">
    <p class='ocr_par' dir='ltr' id='par_1_4' title="bbox 413 2642 1616 2809">
     <span class='ocr_line' id='line_1_20' title="bbox 413 2642 1616 2729; baseline 0 -23"><span class='ocrx_word' id='word_1_156' title='bbox 413 2665 510 2729; x_wconf 89' lang='lat' dir='ltr'><strong>quare</strong></span> <span class='ocrx_word' id='word_1_157' title='bbox 525 2642 567 2706; x_wconf 90' lang='lat' dir='ltr'><strong>ad</strong></span> <span class='ocrx_word' id='word_1_158' title='bbox 586 2642 808 2726; x_wconf 87' lang='lat' dir='ltr'><strong>provisionem</strong></span> <span class='ocrx_word' id='word_1_159' title='bbox 823 2650 1034 2706; x_wconf 82' lang='lat' dir='ltr'><strong>memoratam</strong></span> <span class='ocrx_word' id='word_1_160' title='bbox 1049 2643 1223 2727; x_wconf 87' lang='lat' dir='ltr'><strong>procedere</strong></span> <span class='ocrx_word' id='word_1_161' title='bbox 1237 2666 1305 2708; x_wconf 92' lang='lat' dir='ltr'><strong>non</strong></span> <span class='ocrx_word' id='word_1_162' title='bbox 1320 2644 1462 2708; x_wconf 86' lang='lat' dir='ltr'><strong>deberet.</strong></span> <span class='ocrx_word' id='word_1_163' title='bbox 1506 2643 1616 2706; x_wconf 81' lang='lat' dir='ltr'><strong>&#39;l&#39;enor</strong></span> 
     </span>
     <span class='ocr_line' id='line_1_21' title="bbox 413 2740 878 2809; baseline -0.009 -1"><span class='ocrx_word' id='word_1_164' title='bbox 413 2741 656 2809; x_wconf 87' lang='lat' dir='ltr'><strong>certificacionis</strong></span> <span class='ocrx_word' id='word_1_165' title='bbox 672 2740 747 2805; x_wconf 87' lang='lat' dir='ltr'><strong>talis</strong></span> <span class='ocrx_word' id='word_1_166' title='bbox 761 2750 813 2804; x_wconf 86' lang='lat' dir='ltr'><strong>est</strong></span> <span class='ocrx_word' id='word_1_167' title='bbox 824 2765 878 2804; x_wconf 82' lang='lat'><strong>:-</strong></span> 
     </span>
    </p>
   </div>
   <div class='ocr_carea' id='block_1_4' title="bbox 414 2841 1620 4268">
    <p class='ocr_par' dir='ltr' id='par_1_5' title="bbox 414 2841 1620 4268">
     <span class='ocr_line' id='line_1_22' title="bbox 457 2841 1615 2929; baseline 0.002 -20"><span class='ocrx_word' id='word_1_168' title='bbox 457 2843 649 2910; x_wconf 86' lang='lat' dir='ltr'><strong>Reverendo</strong></span> <span class='ocrx_word' id='word_1_169' title='bbox 664 2843 698 2907; x_wconf 92' lang='lat' dir='ltr'><strong>in</strong></span> <span class='ocrx_word' id='word_1_170' title='bbox 714 2841 847 2907; x_wconf 85' lang='lat' dir='ltr'><strong>Christo</strong></span> <span class='ocrx_word' id='word_1_171' title='bbox 862 2841 946 2926; x_wconf 86' lang='lat' dir='ltr'><strong>petri</strong></span> <span class='ocrx_word' id='word_1_172' title='bbox 956 2841 1090 2907; x_wconf 91' lang='lat' dir='ltr'><strong>domino</strong></span> <span class='ocrx_word' id='word_1_173' title='bbox 1105 2842 1238 2908; x_wconf 91' lang='lat' dir='ltr'><strong>Olivero</strong></span> <span class='ocrx_word' id='word_1_174' title='bbox 1251 2843 1315 2908; x_wconf 91' lang='lat' dir='ltr'><strong>Dei</strong></span> <span class='ocrx_word' id='word_1_175' title='bbox 1329 2843 1430 2929; x_wconf 86' lang='lat' dir='ltr'><strong>gratia</strong></span> <span class='ocrx_word' id='word_1_176' title='bbox 1445 2843 1615 2911; x_wconf 87' lang='lat' dir='ltr'><strong>Lincolnie</strong></span> 
     </span>
     <span class='ocr_line' id='line_1_23' title="bbox 414 2943 1616 3033; baseline 0 -21"><span class='ocrx_word' id='word_1_177' title='bbox 414 2947 568 3033; x_wconf 85' lang='lat' dir='ltr'><strong>episcopo</strong></span> <span class='ocrx_word' id='word_1_178' title='bbox 593 2966 672 3008; x_wconf 87' lang='lat' dir='ltr'><strong>suus</strong></span> <span class='ocrx_word' id='word_1_179' title='bbox 696 2943 829 3008; x_wconf 87' lang='lat' dir='ltr'><strong>humilis</strong></span> <span class='ocrx_word' id='word_1_180' title='bbox 853 2953 887 3008; x_wconf 90' lang='lat' dir='ltr'><strong>et</strong></span> <span class='ocrx_word' id='word_1_181' title='bbox 909 2943 1048 3008; x_wconf 86' lang='lat' dir='ltr'><strong>devotus</strong></span> <span class='ocrx_word' id='word_1_182' title='bbox 1063 2943 1219 3009; x_wconf 88' lang='lat' dir='ltr'><strong>Nicolaus</strong></span> <span class='ocrx_word' id='word_1_183' title='bbox 1245 2945 1380 3010; x_wconf 89' lang='lat' dir='ltr'><strong>clericus</strong></span> <span class='ocrx_word' id='word_1_184' title='bbox 1400 2945 1616 3012; x_wconf 90' lang='lat' dir='ltr'><strong>archidiaconi</strong></span> 
     </span>
     <span class='ocr_line' id='line_1_24' title="bbox 415 3045 1616 3131; baseline -0.002 -17"><span class='ocrx_word' id='word_1_185' title='bbox 415 3048 653 3116; x_wconf 88' lang='lat' dir='ltr'><strong>Norhamtonic</strong></span> <span class='ocrx_word' id='word_1_186' title='bbox 667 3045 901 3126; x_wconf 88' lang='lat' dir='ltr'><strong>obedienciam,</strong></span> <span class='ocrx_word' id='word_1_187' title='bbox 909 3045 1125 3112; x_wconf 90' lang='lat' dir='ltr'><strong>reverenciam</strong></span> <span class='ocrx_word' id='word_1_188' title='bbox 1135 3047 1255 3131; x_wconf 86' lang='lat' dir='ltr'><strong>pariter</strong></span> <span class='ocrx_word' id='word_1_189' title='bbox 1269 3059 1303 3113; x_wconf 90' lang='lat' dir='ltr'><strong>et</strong></span> <span class='ocrx_word' id='word_1_190' title='bbox 1314 3049 1480 3114; x_wconf 87' lang='lat' dir='ltr'><strong>honorem.</strong></span> <span class='ocrx_word' id='word_1_191' title='bbox 1518 3048 1616 3114; x_wconf 85' lang='lat' dir='ltr'><strong>Men·</strong></span> 
     </span>
     <span class='ocr_line' id='line_1_25' title="bbox 416 3149 1618 3238; baseline -0.001 -20"><span class='ocrx_word' id='word_1_192' title='bbox 416 3154 530 3218; x_wconf 90' lang='lat' dir='ltr'><strong>datum</strong></span> <span class='ocrx_word' id='word_1_193' title='bbox 545 3161 691 3216; x_wconf 88' lang='lat' dir='ltr'><strong>vestrum</strong></span> <span class='ocrx_word' id='word_1_194' title='bbox 706 3150 740 3216; x_wconf 94' lang='lat' dir='ltr'><strong>in</strong></span> <span class='ocrx_word' id='word_1_195' title='bbox 755 3151 816 3216; x_wconf 92' lang='lat' dir='ltr'><strong>hec</strong></span> <span class='ocrx_word' id='word_1_196' title='bbox 835 3149 935 3217; x_wconf 85' lang='lat' dir='ltr'><strong>verba</strong></span> <span class='ocrx_word' id='word_1_197' title='bbox 948 3150 1076 3236; x_wconf 78' lang='lat' dir='ltr'><strong>recepi:</strong></span> <span class='ocrx_word' id='word_1_198' title='bbox 1100 3151 1253 3216; x_wconf 85' lang='lat' dir='ltr'><strong>Olirerus</strong></span> <span class='ocrx_word' id='word_1_199' title='bbox 1267 3151 1482 3238; x_wconf 88' lang='lat' dir='ltr'><strong>permissione</strong></span> <span class='ocrx_word' id='word_1_200' title='bbox 1497 3152 1618 3232; x_wconf 87' lang='lat' dir='ltr'><strong>divina,</strong></span> 
     </span>
     <span class='ocr_line' id='line_1_26' title="bbox 416 3255 1618 3343; baseline -0.001 -21"><span class='ocrx_word' id='word_1_201' title='bbox 416 3268 450 3322; x_wconf 91' lang='lat' dir='ltr'><strong>et</strong></span> <span class='ocrx_word' id='word_1_202' title='bbox 464 3268 570 3322; x_wconf 86' lang='lat' dir='ltr'><strong>cetera</strong></span> <span class='ocrx_word' id='word_1_203' title='bbox 584 3257 694 3322; x_wconf 87' lang='lat' dir='ltr'><strong>omnis</strong></span> <span class='ocrx_word' id='word_1_204' title='bbox 707 3267 746 3321; x_wconf 88' lang='lat' dir='ltr'><strong>ut</strong></span> <span class='ocrx_word' id='word_1_205' title='bbox 761 3278 859 3341; x_wconf 84' lang='lat' dir='ltr'><strong>supra</strong></span> <span class='ocrx_word' id='word_1_206' title='bbox 878 3265 1045 3321; x_wconf 85' lang='lat' dir='ltr'><strong>notantur.</strong></span> <span class='ocrx_word' id='word_1_207' title='bbox 1090 3255 1227 3322; x_wconf 86' lang='lat' dir='ltr'><strong>Noverit</strong></span> <span class='ocrx_word' id='word_1_208' title='bbox 1241 3257 1349 3342; x_wconf 84' lang='lat' dir='ltr'><strong>igitur,</strong></span> <span class='ocrx_word' id='word_1_209' title='bbox 1363 3257 1539 3322; x_wconf 90' lang='lat' dir='ltr'><strong>reverenda</strong></span> <span class='ocrx_word' id='word_1_210' title='bbox 1560 3279 1618 3343; x_wconf 88' lang='lat' dir='ltr'><strong>pa·</strong></span> 
     </span>
     <span class='ocr_line' id='line_1_27' title="bbox 416 3358 1617 3443; baseline 0.002 -21"><span class='ocrx_word' id='word_1_211' title='bbox 416 3360 551 3423; x_wconf 78' lang='lat' dir='ltr'><strong>remites</strong></span> <span class='ocrx_word' id='word_1_212' title='bbox 567 3369 685 3436; x_wconf 88' lang='lat' dir='ltr'><strong>restra,</strong></span> <span class='ocrx_word' id='word_1_213' title='bbox 701 3359 788 3443; x_wconf 87' lang='lat' dir='ltr'><strong>quod</strong></span> <span class='ocrx_word' id='word_1_214' title='bbox 804 3359 856 3423; x_wconf 93' lang='lat' dir='ltr'><strong>die</strong></span> <span class='ocrx_word' id='word_1_215' title='bbox 871 3359 974 3424; x_wconf 87' lang='lat' dir='ltr'><strong>sancti</strong></span> <span class='ocrx_word' id='word_1_216' title='bbox 990 3358 1142 3439; x_wconf 86' lang='lat' dir='ltr'><strong>Dionisii,</strong></span> <span class='ocrx_word' id='word_1_217' title='bbox 1158 3359 1279 3424; x_wconf 88' lang='lat' dir='ltr'><strong>scilicet</strong></span> <span class='ocrx_word' id='word_1_218' title='bbox 1293 3360 1348 3424; x_wconf 90' lang='lat' dir='ltr'><strong>vii.</strong></span> <span class='ocrx_word' id='word_1_219' title='bbox 1363 3359 1436 3423; x_wconf 87' lang='lat' dir='ltr'><strong>idus</strong></span> <span class='ocrx_word' id='word_1_220' title='bbox 1452 3360 1617 3439; x_wconf 86' lang='lat' dir='ltr'><strong>Octobris,</strong></span> 
     </span>
     <span class='ocr_line' id='line_1_28' title="bbox 418 3460 1617 3546; baseline 0.002 -22"><span class='ocrx_word' id='word_1_221' title='bbox 418 3482 504 3524; x_wconf 89' lang='lat' dir='ltr'><strong>anno</strong></span> <span class='ocrx_word' id='word_1_222' title='bbox 518 3460 654 3525; x_wconf 90' lang='lat' dir='ltr'><strong>Domini</strong></span> <span class='ocrx_word' id='word_1_223' title='bbox 669 3461 865 3545; x_wconf 81' lang='lat' dir='ltr'><strong>supradicto,</strong></span> <span class='ocrx_word' id='word_1_224' title='bbox 880 3462 921 3526; x_wconf 87' lang='lat' dir='ltr'><strong>ad</strong></span> <span class='ocrx_word' id='word_1_225' title='bbox 936 3461 1107 3526; x_wconf 88' lang='lat' dir='ltr'><strong>concilium</strong></span> <span class='ocrx_word' id='word_1_226' title='bbox 1125 3483 1181 3546; x_wconf 90' lang='lat' dir='ltr'><strong>per</strong></span> <span class='ocrx_word' id='word_1_227' title='bbox 1203 3461 1371 3526; x_wconf 91' lang='lat' dir='ltr'><strong>dominum</strong></span> <span class='ocrx_word' id='word_1_228' title='bbox 1395 3461 1568 3526; x_wconf 78' lang='lat' dir='ltr'><strong>cantuarie</strong></span> <span class='ocrx_word' id='word_1_229' title='bbox 1583 3473 1617 3526; x_wconf 90' lang='lat' dir='ltr'><strong>et</strong></span> 
     </span>
     <span class='ocr_line' id='line_1_29' title="bbox 420 3562 1618 3649; baseline 0.003 -23"><span class='ocrx_word' id='word_1_230' title='bbox 420 3562 525 3627; x_wconf 90' lang='lat' dir='ltr'><strong>socios</strong></span> <span class='ocrx_word' id='word_1_231' title='bbox 548 3563 767 3647; x_wconf 84' lang='lat' dir='ltr'><strong>suffraganeos</strong></span> <span class='ocrx_word' id='word_1_232' title='bbox 792 3573 872 3628; x_wconf 92' lang='lat' dir='ltr'><strong>tunc</strong></span> <span class='ocrx_word' id='word_1_233' title='bbox 901 3562 1022 3628; x_wconf 90' lang='lat' dir='ltr'><strong>ibidem</strong></span> <span class='ocrx_word' id='word_1_234' title='bbox 1052 3563 1259 3643; x_wconf 89' lang='lat' dir='ltr'><strong>celebratum,</strong></span> <span class='ocrx_word' id='word_1_235' title='bbox 1285 3565 1445 3649; x_wconf 89' lang='lat' dir='ltr'><strong>predictas</strong></span> <span class='ocrx_word' id='word_1_236' title='bbox 1475 3585 1618 3629; x_wconf 86' lang='lat' dir='ltr'><strong>reserva·</strong></span> 
     </span>
     <span class='ocr_line' id='line_1_30' title="bbox 420 3665 1618 3752; baseline 0.002 -22"><span class='ocrx_word' id='word_1_237' title='bbox 420 3665 558 3745; x_wconf 91' lang='lat' dir='ltr'><strong>cionem,</strong></span> <span class='ocrx_word' id='word_1_238' title='bbox 587 3665 752 3730; x_wconf 89' lang='lat' dir='ltr'><strong>decretum</strong></span> <span class='ocrx_word' id='word_1_239' title='bbox 786 3675 820 3730; x_wconf 88' lang='lat' dir='ltr'><strong>et</strong></span> <span class='ocrx_word' id='word_1_240' title='bbox 849 3666 1079 3731; x_wconf 89' lang='lat' dir='ltr'><strong>inhibicionem</strong></span> <span class='ocrx_word' id='word_1_241' title='bbox 1114 3667 1256 3752; x_wconf 86' lang='lat' dir='ltr'><strong>plenarie</strong></span> <span class='ocrx_word' id='word_1_242' title='bbox 1285 3679 1319 3732; x_wconf 93' lang='lat' dir='ltr'><strong>et</strong></span> <span class='ocrx_word' id='word_1_243' title='bbox 1348 3666 1500 3731; x_wconf 88' lang='lat' dir='ltr'><strong>distincte</strong></span> <span class='ocrx_word' id='word_1_244' title='bbox 1529 3667 1618 3732; x_wconf 90' lang='lat' dir='ltr'><strong>dicto</strong></span> 
     </span>
     <span class='ocr_line' id='line_1_31' title="bbox 420 3767 1620 3855; baseline 0.003 -21"><span class='ocrx_word' id='word_1_245' title='bbox 420 3768 553 3834; x_wconf 90' lang='lat' dir='ltr'><strong>domino</strong></span> <span class='ocrx_word' id='word_1_246' title='bbox 569 3767 679 3833; x_wconf 86' lang='lat' dir='ltr'><strong>abbati</strong></span> <span class='ocrx_word' id='word_1_247' title='bbox 693 3769 933 3854; x_wconf 83' lang='lat' dir='ltr'><strong>presencialiter</strong></span> <span class='ocrx_word' id='word_1_248' title='bbox 958 3769 1095 3855; x_wconf 85' lang='lat' dir='ltr'><strong>exposui</strong></span> <span class='ocrx_word' id='word_1_249' title='bbox 1121 3779 1155 3835; x_wconf 89' lang='lat' dir='ltr'><strong>et</strong></span> <span class='ocrx_word' id='word_1_250' title='bbox 1179 3770 1362 3855; x_wconf 79' lang='lat' dir='ltr'><strong>puplicavi3</strong></span> <span class='ocrx_word' id='word_1_251' title='bbox 1389 3779 1494 3835; x_wconf 87' lang='lat' dir='ltr'><strong>cetera</strong></span> <span class='ocrx_word' id='word_1_252' title='bbox 1509 3771 1620 3838; x_wconf 88' lang='lat' dir='ltr'><strong>omnia</strong></span> 
     </span>
     <span class='ocr_line' id='line_1_32' title="bbox 419 3869 1620 3958; baseline 0.005 -24"><span class='ocrx_word' id='word_1_253' title='bbox 419 3869 451 3934; x_wconf 93' lang='lat' dir='ltr'><strong>in</strong></span> <span class='ocrx_word' id='word_1_254' title='bbox 469 3871 556 3936; x_wconf 86' lang='lat' dir='ltr'><strong>dicto</strong></span> <span class='ocrx_word' id='word_1_255' title='bbox 566 3872 720 3936; x_wconf 90' lang='lat' dir='ltr'><strong>mandato</strong></span> <span class='ocrx_word' id='word_1_256' title='bbox 731 3881 840 3937; x_wconf 90' lang='lat' dir='ltr'><strong>vestro</strong></span> <span class='ocrx_word' id='word_1_257' title='bbox 850 3881 1004 3937; x_wconf 86' lang='lat' dir='ltr'><strong>contenta</strong></span> <span class='ocrx_word' id='word_1_258' title='bbox 1017 3870 1155 3936; x_wconf 90' lang='lat' dir='ltr'><strong>fideliter</strong></span> <span class='ocrx_word' id='word_1_259' title='bbox 1166 3871 1356 3956; x_wconf 85' lang='lat' dir='ltr'><strong>exequendo</strong></span> <span class='ocrx_word' id='word_1_260' title='bbox 1379 3869 1440 3936; x_wconf 90' lang='lat' dir='ltr'><strong>sub</strong></span> <span class='ocrx_word' id='word_1_261' title='bbox 1451 3875 1620 3958; x_wconf 86' lang='lat' dir='ltr'><strong>presencia</strong></span> 
     </span>
     <span class='ocr_line' id='line_1_33' title="bbox 420 3973 1618 4061; baseline 0.005 -23"><span class='ocrx_word' id='word_1_262' title='bbox 420 3973 631 4038; x_wconf 89' lang='lat' dir='ltr'><strong>discretorum</strong></span> <span class='ocrx_word' id='word_1_263' title='bbox 647 3975 789 4040; x_wconf 89' lang='lat' dir='ltr'><strong>virorum</strong></span> <span class='ocrx_word' id='word_1_264' title='bbox 816 3974 1042 4060; x_wconf 80' lang='lat' dir='ltr'><strong>magistrorum</strong></span> <span class='ocrx_word' id='word_1_265' title='bbox 1067 3974 1228 4039; x_wconf 87' lang='lat' dir='ltr'><strong>Johannis</strong></span> <span class='ocrx_word' id='word_1_266' title='bbox 1244 3974 1285 4039; x_wconf 92' lang='lat' dir='ltr'><strong>de</strong></span> <span class='ocrx_word' id='word_1_267' title='bbox 1310 3975 1400 4061; x_wconf 85' lang='lat' dir='ltr'><strong>Lacy</strong></span> <span class='ocrx_word' id='word_1_268' title='bbox 1423 3987 1457 4042; x_wconf 90' lang='lat' dir='ltr'><strong>et</strong></span> <span class='ocrx_word' id='word_1_269' title='bbox 1482 3977 1618 4044; x_wconf 84' lang='lat' dir='ltr'><strong>Roberti</strong></span> 
     </span>
     <span class='ocr_line' id='line_1_34' title="bbox 422 4078 1616 4165; baseline 0.006 -25"><span class='ocrx_word' id='word_1_270' title='bbox 422 4078 492 4163; x_wconf 87' lang='lat' dir='ltr'><strong>ejus</strong></span> <span class='ocrx_word' id='word_1_271' title='bbox 517 4078 725 4163; x_wconf 65' lang='lat' dir='ltr'><strong>germaniae</strong></span> <span class='ocrx_word' id='word_1_272' title='bbox 752 4078 917 4164; x_wconf 82' lang='lat' dir='ltr'><strong>Radulphi</strong></span> <span class='ocrx_word' id='word_1_273' title='bbox 941 4078 982 4143; x_wconf 93' lang='lat' dir='ltr'><strong>de</strong></span> <span class='ocrx_word' id='word_1_274' title='bbox 1003 4078 1034 4142; x_wconf 87' lang='lat' dir='ltr'><strong>le</strong></span> <span class='ocrx_word' id='word_1_275' title='bbox 1061 4079 1188 4165; x_wconf 84' lang='lat' dir='ltr'><strong>Ryvere</strong></span> <span class='ocrx_word' id='word_1_276' title='bbox 1214 4079 1400 4144; x_wconf 89' lang='lat' dir='ltr'><strong>clericorum</strong></span> <span class='ocrx_word' id='word_1_277' title='bbox 1425 4089 1460 4145; x_wconf 90' lang='lat' dir='ltr'><strong>et</strong></span> <span class='ocrx_word' id='word_1_278' title='bbox 1482 4082 1616 4148; x_wconf 85' lang='lat' dir='ltr'><strong>eliorum</strong></span> 
     </span>
     <span class='ocr_line' id='line_1_35' title="bbox 422 4179 1619 4268; baseline 0.004 -24"><span class='ocrx_word' id='word_1_279' title='bbox 422 4179 518 4246; x_wconf 89' lang='lat' dir='ltr'><strong>etiam</strong></span> <span class='ocrx_word' id='word_1_280' title='bbox 534 4181 721 4248; x_wconf 86' lang='lat' dir='ltr'><strong>testimonio</strong></span> <span class='ocrx_word' id='word_1_281' title='bbox 736 4181 873 4248; x_wconf 87' lang='lat' dir='ltr'><strong>fideliter</strong></span> <span class='ocrx_word' id='word_1_282' title='bbox 888 4204 961 4248; x_wconf 87' lang='lat' dir='ltr'><strong>sum</strong></span> <span class='ocrx_word' id='word_1_283' title='bbox 976 4191 1142 4249; x_wconf 86' lang='lat' dir='ltr'><strong>executus.</strong></span> <span class='ocrx_word' id='word_1_284' title='bbox 1169 4182 1210 4248; x_wconf 93' lang='lat' dir='ltr'><strong>In</strong></span> <span class='ocrx_word' id='word_1_285' title='bbox 1225 4183 1319 4268; x_wconf 87' lang='lat' dir='ltr'><strong>cujus</strong></span> <span class='ocrx_word' id='word_1_286' title='bbox 1334 4183 1380 4250; x_wconf 89' lang='lat' dir='ltr'><strong>rei</strong></span> <span class='ocrx_word' id='word_1_287' title='bbox 1396 4183 1619 4253; x_wconf 87' lang='lat' dir='ltr'><strong>testimonium</strong></span> 
     </span>
    </p>
   </div>
   <div class='ocr_carea' id='block_1_5' title="bbox 0 0 2003 5022">
    <p class='ocr_par' dir='ltr' id='par_1_6' title="bbox 0 0 2003 5022">
     <span class='ocr_line' id='line_1_36' title="bbox 0 0 2003 5022; baseline 0 0"><span class='ocrx_word' id='word_1_288' title='bbox 0 0 2003 5022; x_wconf 95' lang='lat' dir='ltr'><strong> </strong></span> 
     </span>
    </p>
   </div>
  </div>
 </body>
</html>
