3812 5030
620 641 832 688 canonicos
858 639 1182 688 annnosoaonuss.
1478 627 1496 684 5

154 796 290 846 statmo.
346 791 440 858 Obiit
454 790 617 858 Henricus
634 793 797 860 sccundus
810 815 869 861 rex
882 795 1008 880 Anglie.
1053 792 1218 859 Successit
1232 790 1391 857 Ricardus
1413 791 1499 857 filius

301 895 382 980 ejus.
427 895 521 960 Obiit
535 897 740 963 Frethericus
754 899 930 984 imperator
941 897 1144 963 Alamannia.

202 1011 288 1059 Meso.
345 998 502 1064 Ricardus
517 1019 574 1065 rex
592 999 709 1085 Anglie
732 1009 767 1066 et
787 1001 958 1087 Philippus
979 1021 1037 1066 rex
1058 998 1192 1064 Francis
1214 997 1419 1082 arripucrunt
1437 997 1500 1063 iter

300 1102 492 1184 Jerusalem,
509 1111 544 1167 at
568 1102 732 1170 Hem-icus
756 1104 795 1168 fit
809 1103 909 1170 abbas
931 1103 1142 1184 Oroilsndrie,
1159 1102 1216 1189 qui
1235 1101 1298 1167 fuit
1311 1103 1409 1167 frater
1423 1123 1499 1167 can-

301 1206 430 1272 cellarii.

196 1317 287 1368 Mosei·
344 1308 438 1374 Obiit
453 1309 606 1375 Clemens
621 1331 716 1396 papa.
761 1310 925 1377 Successit
940 1310 1139 1377 celestinus.

178 1406 279 1457 Mezen.
344 1411 420 1476 Hoc
439 1433 524 1476 anno
549 1411 746 1497 Reginaldus
769 1413 943 1499 episcopus
964 1410 1171 1477 Batoniensis
1185 1409 1315 1495 eligitur
1328 1409 1363 1474 in
1378 1410 1499 1476 archie-

300 1514 470 1600 piscopum
486 1513 670 1579 cantuarie.

175 1607 287 1655 Moxoiii.

169 1728 288 1777 Maxenti.
345 1717 439 1784 Obiit
453 1719 652 1784 Benedictus
669 1717 780 1797 abbas,
794 1740 829 1784 re
843 1717 1036 1784 benedictus
1058 1727 1093 1784 ct
1108 1717 1253 1797 nomine,
1269 1726 1303 1782 et
1316 1717 1464 1782 Andreas
1482 1739 1501 1782 a

176 1795 288 1907 offla
301 1832 465 1887 conventu
490 1821 628 1908 eligitur.
673 1821 831 1886 Ricardus
853 1843 913 1887 rex
936 1831 1102 1888 revertens
1128 1845 1147 1886 a
1168 1821 1361 1902 Jerusalem,
1385 1829 1499 1907 captus

301 1923 400 1987 estin
414 1923 651 2002 Alemannism,
671 1933 705 1988 et
722 1922 761 1988 fit
777 1922 949 1988 Hubertus
964 1923 1239 2008 archiepiscopus.

188 2022 287 2072 va·
346 2023 411 2088 Hic
425 2023 521 2089 rediit
536 2023 693 2089 Ricardus
704 2045 761 2088 rex
776 2024 817 2089 de
833 2023 1030 2111 captivitate.

177 2128 287 2180 Mosen
344 2125 444 2212 Hugo
460 2127 500 2191 de
516 2127 621 2192 Pusac
635 2127 807 2213 episcopus
822 2126 1058 2193 Dunelmcnais
1073 2126 1165 2192 obiit.

170 2232 286 2284 Masurii·
344 2227 418 2293 Hoc
433 2249 518 2293 anno
533 2227 718 2293 Willelmus
734 2228 941 2294 cancellarius
956 2238 991 2294 et
1009 2228 1183 2314 episcopus
1203 2226 1337 2294 ecclesie
1354 2227 1499 2314 Helyen-

300 2329 344 2394 sis
364 2327 456 2395 obiit.

160 2433 284 2484 Maiam.
343 2431 436 2497 Obiit
452 2432 636 2498 Oelestinus
650 2455 745 2520 papa.
790 2433 954 2499 Successit
974 2433 1196 2500 Innocentius.

176 2538 284 2588 Moxeix·
344 2534 419 2600 Hoc
433 2557 519 2600 anno
544 2535 702 2600 Bicsrdus
725 2557 782 2601 rex
796 2536 914 2622 Anglie
936 2534 1028 2618 obiit,
1051 2545 1086 2602 et
1098 2536 1247 2602 Andreas
1270 2535 1370 2602 abbas
1386 2537 1497 2623 Burgi,

298 2647 332 2702 et
356 2637 502 2703 Joannes
518 2659 575 2703 rex
589 2645 762 2704 coronatus
774 2647 835 2703 est.

218 2747 284 2800 Meo.
343 2740 419 2804 Hoc
433 2761 519 2804 anno
531 2739 615 2803 obiit
630 2739 730 2825 Hugo
748 2739 919 2826 episcop'us
937 2739 1119 2808 Lincolnie.
1163 2741 1260 2806 Eudo
1284 2742 1373 2826 prior
1396 2741 1497 2828 Burgi

298 2841 398 2908 abbss
414 2841 454 2906 fit
469 2841 509 2907 de
525 2843 704 2907 Rsmeseia.
748 2843 908 2908 Acharius
923 2843 1012 2928 prior
1027 2843 1138 2910 Sancti
1149 2843 1268 2909 Albani
1287 2845 1327 2910 fit
1340 2843 1441 2911 abbas
1455 2845 1496 2912 ds

299 2946 420 3032 Burgo.

210 3071 285 3120 Most
341 3049 410 3113 Iter
438 3069 592 3133 magnum
617 3047 810 3113 Jerusalem.
863 3048 986 3135 Magna
1009 3050 1170 3115 dissencio
1195 3050 1281 3116 inter
1308 3051 1494 3136 Philippum

296 3172 405 3237 regem
421 3149 565 3229 Francis,
579 3160 613 3215 et
626 3149 649 3214 J
650 3149 811 3214 olmnnem
826 3171 933 3234 regem
948 3152 1076 3236 Anglie.
1121 3151 1215 3217 Obiit
1229 3153 1326 3218 Eudo
1342 3152 1441 3217 abbas
1454 3154 1495 3218 ds

297 3252 476 3318 Rameseis.

198 3361 282 3412 Mon.
340 3355 462 3441 Oapcio
491 3353 604 3419 Arturi
629 3364 663 3419 et
694 3354 901 3420 Pictsrorum
925 3351 960 3417 in
981 3352 1132 3419 Mirabel.
1191 3354 1238 3419 Et
1263 3354 1427 3422 Robertus
1452 3358 1494 3424 ds

296 3459 481 3545 Redinghes
497 3458 534 3523 fit
546 3457 645 3523 abbas
661 3457 702 3524 de
717 3455 898 3537 Remeseia,
920 3465 954 3522 et
974 3466 1105 3522 sanctus
1128 3456 1297 3530 Gilbertus
1318 3459 1493 3526 tsnnslntus

294 3573 355 3628 est.

188 3669 280 3720 Messi.
338 3663 555 3730 Oanonizacio
581 3661 684 3728 sancti
709 3661 862 3727 Wlstsni.
917 3661 1102 3727 Willelmus
1123 3661 1295 3728 Lincolnie
1319 3663 1492 3752 episcopus

294 3777 500 3832 consecratus
515 3774 575 3830 est.

178 3881 280 3934 Masta
337 3867 507 3954 Philippus
530 3885 588 3930 rex
612 3864 757 3946 Francia,
772 3863 1020 3945 Normanniam‚
1045 3863 1277 3950 magam,
1307 3865 1491 3934 Cenoman-

88 3963 151 4030 (fot.
161 3965 219 4016 Μ’·
233 3961 280 4028 ἢ)
293 3971 391 4051 niam,
406 3981 440 4036 et
452 3971 518 4036 fere
528 3977 632 4035 totam
644 3968 851 4054 Aquitaniam
866 3968 936 4033 sine
947 3969 1051 4034 multa
1064 3969 1142 4034 cede
1157 3979 1192 4034 et
1202 3971 1358 4057 sanguine
1372 3973 1469 4058 capit.

292 4075 461 4141 Johsnnes
474 4095 532 4140 rex
547 4097 565 4138 s
581 4073 648 4138 suis
664 4072 838 4138 destitutus
854 4071 1056 4137 Nonnannia
1070 4084 1256 4140 recesserat.

197 4195 277 4243 Meo.
335 4176 428 4244 Obiit
443 4177 613 4243 Hubertus
628 4175 886 4261 archiepiscopus
903 4175 1088 4242 Cantuarie.
