3938 5022
658 663 871 709 onaourcou
891 663 1217 708 nnrnosunosuss.
1502 647 1541 704 61

115 799 181 864 (Μ
192 801 324 868 ”dim
343 813 494 878 Walliam
506 837 572 880 non
582 815 739 896 existunt,
748 825 782 882 et
791 827 931 902 quatuor
941 817 1061 880 milites
1074 816 1114 879 de
1130 814 1288 880 comitatu
1299 813 1469 900 (predicto
1486 836 1547 900 pro

341 919 575 985 communitate
590 919 737 1004 ejusdem
760 919 934 984 comitatus
958 919 1118 984 habentes
1140 920 1319 1005 plenariam
1335 929 1547 1005 potestatem,

341 1034 375 1086 et
390 1022 430 1086 de
445 1020 589 1108 qualibet
613 1021 753 1102 civitate,
776 1021 889 1108 burgo,
915 1031 949 1087 et
973 1023 1048 1088 villa
1071 1025 1261 1089 mercatoria
1286 1023 1370 1089 duos
1392 1024 1543 1089 homines

343 1126 490 1192 similiter
501 1125 871 1212 potestatcmhabentes,
877 1147 937 1211 pro
946 1127 1236 1192 communitatibus
1247 1128 1435 1204 eorundem,
1442 1129 1483 1192 ad
1490 1151 1547 1192 au-

343 1229 460 1294 dienda
478 1240 512 1296 et
523 1229 670 1295 facienda
691 1253 729 1294 ea
750 1251 813 1314 que
829 1229 892 1294 sibi
906 1252 947 1294 ex
972 1241 1063 1314 parte
1089 1239 1201 1295 nostra
1223 1231 1380 1297 faciemus
1401 1233 1542 1298 ostendi.
1585 1229 1588 1236 '

341 1332 387 1398 Et
402 1333 482 1398 nulli
497 1334 538 1398 de
552 1332 672 1398 balliva
686 1343 744 1396 tua
757 1333 842 1396 ultra
858 1354 921 1397 nx.
943 1332 1075 1397 libratas
1090 1345 1175 1399 terre
1194 1334 1329 1401 habenti
1343 1346 1377 1401 et
1391 1337 1432 1401 ad
1455 1359 1544 1402 arma

341 1437 469 1519 potenti
509 1447 543 1500 et
572 1447 661 1521 apto,
690 1456 810 1514 amore,
840 1437 961 1514 lavore,
990 1457 1124 1501 munere
1154 1459 1213 1501 seu
1242 1438 1358 1503 timore
1388 1441 1440 1504 vel
1481 1441 1543 1505 alia

341 1560 544 1624 quacumque
566 1540 695 1604 racione
718 1560 848 1623 parcere
868 1539 921 1603 vel
946 1541 1082 1604 defferre
1102 1561 1283 1626 presumas,
1297 1561 1358 1606 nec
1373 1541 1471 1606 etiam
1487 1543 1546 1605 ali-

342 1663 439 1727 quem
466 1641 551 1705 ultra
565 1663 630 1705 .xx.
654 1640 786 1704 libratas
812 1651 896 1705 terre
922 1663 989 1704 uon
1013 1640 1200 1720 habentem,
1215 1641 1292 1705 lieet
1316 1642 1358 1705 ad
1381 1664 1470 1707 arma
1485 1665 1544 1707 seu

342 1753 461 1828 potens
477 1742 594 1822 fuerit3
618 1763 727 1807 eoram
750 1741 846 1806 nobis
861 1742 914 1806 vel
928 1741 1079 1807 fidelibus
1102 1743 1223 1807 nostris
1247 1742 1400 1828 predictis
1424 1743 1546 1829 aliqua-

343 1857 440 1911 tenus
455 1845 565 1910 venire
580 1845 678 1909 iacias
704 1867 744 1910 ex
760 1867 857 1910 causa
867 1845 1023 1931 predicta.
1079 1847 1125 1911 Et
1140 1847 1180 1912 de
1196 1846 1383 1912 nominibus
1397 1848 1544 1912 omnium

342 1949 471 2014 illorum
487 1971 568 2034 quos
592 1948 639 2013 sic
653 1949 763 2014 venire
778 1949 911 2028 feceris3
934 1971 995 2013 nos
1020 1949 1072 2015 vel
1086 1949 1250 2035 predictos
1272 1949 1386 2016 fideles
1410 1959 1542 2016 nostros

342 2052 382 2116 ad
395 2052 558 2138 predictos
568 2053 655 2117 diem
670 2063 704 2116 et
718 2051 825 2116 locum
841 2072 899 2136 per
913 2052 1057 2134 prefatos
1069 2061 1209 2136 quatuor
1219 2051 1338 2116 milites
1347 2051 1464 2118 reddas
1476 2073 1544 2117 cer·

343 2157 456 2222 eiures.
489 2157 535 2221 Et
545 2155 665 2221 habeas
674 2155 720 2220 ibi
732 2155 865 2220 nomina
878 2154 1007 2219 illorum
1019 2165 1158 2240 quatuor
1167 2155 1307 2220 militum
1318 2167 1352 2222 et
1361 2157 1424 2222 hoe
1434 2154 1543 2222 breve.

343 2260 389 2324 Et
402 2260 463 2325 heo
484 2259 605 2336 omnia,
624 2259 756 2323 sicutte
778 2269 812 2323 et
834 2268 890 2322 tua
912 2257 1030 2342 diligis,
1045 2259 1149 2324 lacere
1171 2281 1239 2323 non
1254 2260 1398 2324 omittas.
1442 2260 1542 2326 'l'este

343 2363 469 2448 meipso
484 2363 572 2448 apud
588 2362 762 2441 Rothelan,
777 2360 855 2424 xxii.
871 2360 923 2426 die
938 2359 1147 2441 Novembris,
1163 2383 1250 2426 anno
1265 2362 1356 2446 regni
1370 2362 1476 2426 nostri
1490 2363 1534 2426 xi.

387 2466 517 2533 Quibus
532 2467 585 2530 die
600 2475 635 2530 et
653 2466 726 2530 loco
742 2463 937 2550 supradictis
960 2472 1214 2546 comparuerunt
1236 2464 1291 2549 qui
1306 2464 1440 2528 fuerunt
1455 2463 1544 2529 citati

343 2591 450 2634 coram
466 2569 620 2655 predictis
636 2567 764 2632 Abbate
780 2565 1076 2644 westmonasterii,
1093 2566 1222 2631 Comite
1243 2566 1420 2648 Cornubie,
1435 2577 1469 2634 et
1483 2568 1506 2636 J
1508 2591 1544 2633 o-

343 2673 450 2737 hanne
462 2672 502 2738 de
515 2671 682 2758 Kerkeby,
688 2682 722 2737 et
732 2679 965 2736 concesserunt
976 2667 1109 2733 domino
1120 2669 1201 2755 Regi
1210 2670 1407 2735 tricesimam
1418 2680 1542 2757 partem

342 2775 489 2840 omnium
502 2775 664 2840 bonorum
677 2795 821 2852 suorum,
832 2773 976 2859 exeeptis
992 2772 1193 2857 equitaturis,
1208 2774 1317 2854 armis,
1331 2776 1460 2860 pannis,
1471 2775 1544 2841 the·

344 2878 459 2959 saurir,
474 2877 629 2958 Iardanis,
644 2876 816 2956 fructibus,
831 2885 865 2940 et
879 2875 1069 2940 necessariis
1084 2876 1195 2941 victui.

386 2981 451 3046 Die
481 2979 586 3045 saneti
628 2979 791 3044 Leonardi
820 2978 909 3064 apud
940 2977 1133 3061 [Snowdon]
1169 2978 1203 3042 in
1237 2977 1356 3042 Wallia
1389 2977 1541 3044 dominus

344 3084 460 3148 Petrus
485 3081 579 3146 dela
608 3081 701 3144 Mare
727 3095 761 3144 et
786 3078 840 3142 alii
865 3078 1072 3163 quamplures
1103 3101 1181 3144 casu
1204 3079 1351 3159 fortuito,
1369 3080 1484 3144 murati
1506 3082 1541 3146 in

343 3186 451 3251 eundo
477 3205 590 3250 versus
756 3183 797 3246 ad
823 3180 1035 3267 pugnandum
1055 3189 1168 3245 contra
1188 3180 1338 3246 inimicos
1361 3183 1446 3266 regis
1461 3183 1542 3248 Wa-

342 3291 460 3370 lenses,
487 3287 646 3354 submersi
662 3296 750 3366 sunt,
770 3306 907 3371 quorum
923 3283 1093 3348 animabus
1107 3283 1302 3370 propitietur
1316 3284 1417 3350 Deus.
1465 3286 1541 3351 Hiis

342 3393 461 3460 auditis
476 3393 553 3459 lecit
578 3389 730 3454 dominus
752 3387 853 3452 abbas
879 3386 989 3451 seisire
1012 3387 1047 3451 in
1063 3409 1178 3451 manus
1195 3407 1269 3450 suas
1285 3399 1397 3468 terras,
1412 3409 1542 3474 posses-

343 3499 452 3563 siones
476 3505 510 3562 et
535 3502 723 3559 tenementa
746 3501 779 3557 et
794 3490 904 3557 omnia
928 3489 1125 3575 pertinentia
1142 3489 1184 3554 ad
1199 3489 1338 3554 wardam
1365 3501 1399 3554 et
1412 3491 1539 3558 marita·

341 3603 430 3686 gium
446 3597 573 3665 heredis
587 3594 724 3682 predicti
739 3593 862 3659 domiui
877 3593 976 3660 Petri.
1020 3593 1087 3658 Sed
1108 3593 1201 3658 heres
1226 3592 1280 3657 ille
1295 3592 1463 3678 elongatus
1478 3594 1541 3660 fuit

341 3704 446 3769 multo
469 3712 615 3786 tempore
630 3719 688 3784 per
703 3697 869 3762 dominam
884 3695 1055 3761 Mabiliam
1077 3695 1118 3760 de
1139 3694 1361 3781 Keningtone,
1375 3695 1541 3762 dominam

341 3809 382 3874 de
399 3807 538 3885 Ketene,
563 3812 598 3869 et
612 3800 763 3866 dominus
778 3799 878 3865 abbas
893 3798 981 3862 illam
1003 3797 1080 3863 fecit
1094 3819 1300 3864 summouere
1316 3819 1424 3864 coram
1443 3798 1541 3884 justi·

341 3910 446 3976 ciariis
469 3906 594 3974 domini
609 3905 708 3990 Regis
731 3903 765 3968 in
781 3903 884 3968 banco
906 3911 945 3966 ut
958 3901 1108 3967 redderet
1122 3901 1152 3966 ei
1178 3900 1361 3987 predictum
1375 3899 1539 3966 heredem.

343 4012 389 4076 Et
414 4009 489 4095 quia
512 4009 599 4074 dicta
622 4005 755 4072 domina
783 4003 920 4070 timebat
944 4003 1108 4068 incurrere
1133 4023 1252 4089 penam
1277 4001 1393 4066 statuti
1416 4001 1540 4066 domini

343 4112 441 4198 Regis
453 4108 528 4174 facti
549 4109 589 4172 de
605 4107 771 4193 maritagio
780 4107 936 4172 heredum
949 4114 1135 4191 magnatum
1147 4115 1181 4170 et
1195 4105 1336 4169 militum
1352 4125 1388 4167 ac
1403 4103 1538 4167 aliorum

342 4233 621 4303 quorumcumque
632 4211 666 4276 in
681 4231 780 4296 regno
795 4209 921 4294 Anglie,
937 4209 1024 4294 quod
1039 4207 1184 4275 invenire
1205 4207 1326 4294 poterit
1341 4205 1413 4290 quis
1428 4204 1540 4290 gallice
