<?xml version="1.0" encoding="UTF-8"?>
<!DOCTYPE html PUBLIC "-//W3C//DTD XHTML 1.0 Transitional//EN"
    "http://www.w3.org/TR/xhtml1/DTD/xhtml1-transitional.dtd">
<html xmlns="http://www.w3.org/1999/xhtml" xml:lang="en" lang="en">
 <head>
  <title>
</title>
<meta http-equiv="Content-Type" content="text/html;charset=utf-8" />
  <meta name='ocr-system' content='tesseract 3.04.00' />
  <meta name='ocr-capabilities' content='ocr_page ocr_carea ocr_par ocr_line ocrx_word'/>
</head>
<body>
  <div class='ocr_page' id='page_1' title='image "./chroniconpetrob01brucgoog_0166.png"; bbox 0 0 3894 5024; ppageno 0'>
   <div class='ocr_carea' id='block_1_1' title="bbox 416 567 1308 626">
    <p class='ocr_par' dir='ltr' id='par_1_1' title="bbox 416 567 1308 626">
     <span class='ocr_line' id='line_1_1' title="bbox 416 567 1308 626; baseline -0.002 -2"><span class='ocrx_word' id='word_1_1' title='bbox 416 567 476 625; x_wconf 83' lang='lat'><strong>146</strong></span> <span class='ocrx_word' id='word_1_2' title='bbox 751 578 965 626; x_wconf 70' lang='lat' dir='ltr'><strong>canonicos</strong></span> <span class='ocrx_word' id='word_1_3' title='bbox 981 577 1308 624; x_wconf 68' lang='lat' dir='ltr'>carnonensansn.</span> 
     </span>
    </p>
   </div>
   <div class='ocr_carea' id='block_1_2' title="bbox 408 729 1611 1638">
    <p class='ocr_par' dir='ltr' id='par_1_2' title="bbox 408 729 1611 1323">
     <span class='ocr_line' id='line_1_2' title="bbox 412 729 1610 816; baseline -0.002 -19"><span class='ocrx_word' id='word_1_4' title='bbox 412 731 533 810; x_wconf 76' lang='lat' dir='ltr'>titiani,</span> <span class='ocrx_word' id='word_1_5' title='bbox 548 730 710 796; x_wconf 86' lang='lat' dir='ltr'>Johannis</span> <span class='ocrx_word' id='word_1_6' title='bbox 734 730 774 795; x_wconf 92' lang='lat' dir='ltr'><strong>de</strong></span> <span class='ocrx_word' id='word_1_7' title='bbox 799 730 1005 816; x_wconf 89' lang='lat' dir='ltr'><strong>Helpistona,</strong></span> <span class='ocrx_word' id='word_1_8' title='bbox 1021 729 1178 795; x_wconf 87' lang='lat' dir='ltr'><strong>Willelmi</strong></span> <span class='ocrx_word' id='word_1_9' title='bbox 1203 731 1244 794; x_wconf 89' lang='lat' dir='ltr'><strong>de</strong></span> <span class='ocrx_word' id='word_1_10' title='bbox 1269 729 1435 815; x_wconf 72' lang='lat' dir='ltr'><strong>colaepio,</strong></span> <span class='ocrx_word' id='word_1_11' title='bbox 1458 729 1610 811; x_wconf 90' lang='lat' dir='ltr'>militum,</span> 
     </span>
     <span class='ocr_line' id='line_1_3' title="bbox 411 832 1610 919; baseline -0.001 -19"><span class='ocrx_word' id='word_1_12' title='bbox 411 835 573 900; x_wconf 87' lang='lat' dir='ltr'>Johannis</span> <span class='ocrx_word' id='word_1_13' title='bbox 599 833 640 898; x_wconf 90' lang='lat' dir='ltr'><strong>de</strong></span> <span class='ocrx_word' id='word_1_14' title='bbox 665 832 825 919; x_wconf 82' lang='lat' dir='ltr'>Affordby</span> <span class='ocrx_word' id='word_1_15' title='bbox 851 835 989 900; x_wconf 86' lang='lat' dir='ltr'><strong>Rectore</strong></span> <span class='ocrx_word' id='word_1_16' title='bbox 1012 833 1146 899; x_wconf 79' lang='lat' dir='ltr'><strong>ecclesie</strong></span> <span class='ocrx_word' id='word_1_17' title='bbox 1170 833 1211 898; x_wconf 90' lang='lat' dir='ltr'><strong>de</strong></span> <span class='ocrx_word' id='word_1_18' title='bbox 1234 832 1360 912; x_wconf 84' lang='lat' dir='ltr'>Castra,</span> <span class='ocrx_word' id='word_1_19' title='bbox 1384 832 1541 898; x_wconf 90' lang='lat' dir='ltr'><strong>Willelmi</strong></span> <span class='ocrx_word' id='word_1_20' title='bbox 1570 836 1610 899; x_wconf 89' lang='lat' dir='ltr'><strong>de</strong></span> 
     </span>
     <span class='ocr_line' id='line_1_4' title="bbox 410 934 1611 1023; baseline 0.001 -22"><span class='ocrx_word' id='word_1_21' title='bbox 410 939 509 1023; x_wconf 80' lang='lat' dir='ltr'><strong>&#39;l&#39;orp‚</strong></span> <span class='ocrx_word' id='word_1_22' title='bbox 524 937 680 1001; x_wconf 89' lang='lat' dir='ltr'><strong>Willelmi</strong></span> <span class='ocrx_word' id='word_1_23' title='bbox 695 938 736 1002; x_wconf 92' lang='lat' dir='ltr'><strong>de</strong></span> <span class='ocrx_word' id='word_1_24' title='bbox 750 937 878 1023; x_wconf 89' lang='lat' dir='ltr'><strong>Amyle,</strong></span> <span class='ocrx_word' id='word_1_25' title='bbox 894 937 1029 1002; x_wconf 89' lang='lat' dir='ltr'><strong>Henrici</strong></span> <span class='ocrx_word' id='word_1_26' title='bbox 1049 939 1088 1002; x_wconf 90' lang='lat' dir='ltr'><strong>de</strong></span> <span class='ocrx_word' id='word_1_27' title='bbox 1112 937 1339 1017; x_wconf 79' lang='lat' dir='ltr'>Follrisworth,</span> <span class='ocrx_word' id='word_1_28' title='bbox 1365 934 1454 1001; x_wconf 90' lang='lat' dir='ltr'>Petri</span> <span class='ocrx_word' id='word_1_29' title='bbox 1474 936 1515 1002; x_wconf 90' lang='lat' dir='ltr'><strong>de</strong></span> <span class='ocrx_word' id='word_1_30' title='bbox 1530 937 1611 1002; x_wconf 91' lang='lat' dir='ltr'>Ber-</span> 
     </span>
     <span class='ocr_line' id='line_1_5' title="bbox 411 1039 1610 1125; baseline -0.001 -20"><span class='ocrx_word' id='word_1_31' title='bbox 411 1042 504 1120; x_wconf 86' lang='lat' dir='ltr'><strong>nake,</strong></span> <span class='ocrx_word' id='word_1_32' title='bbox 516 1041 603 1106; x_wconf 86' lang='lat' dir='ltr'>Petri</span> <span class='ocrx_word' id='word_1_33' title='bbox 619 1041 659 1106; x_wconf 90' lang='lat' dir='ltr'><strong>de</strong></span> <span class='ocrx_word' id='word_1_34' title='bbox 675 1041 807 1120; x_wconf 90' lang='lat' dir='ltr'>Borule,</span> <span class='ocrx_word' id='word_1_35' title='bbox 816 1040 952 1106; x_wconf 90' lang='lat' dir='ltr'><strong>Henriei</strong></span> <span class='ocrx_word' id='word_1_36' title='bbox 966 1041 1007 1105; x_wconf 90' lang='lat' dir='ltr'><strong>de</strong></span> <span class='ocrx_word' id='word_1_37' title='bbox 1019 1039 1135 1105; x_wconf 85' lang='lat' dir='ltr'>Castra</span> <span class='ocrx_word' id='word_1_38' title='bbox 1148 1041 1179 1106; x_wconf 91' lang='lat' dir='ltr'><strong>le</strong></span> <span class='ocrx_word' id='word_1_39' title='bbox 1195 1041 1338 1120; x_wconf 70' lang='lat' dir='ltr'>Louird‚</span> <span class='ocrx_word' id='word_1_40' title='bbox 1349 1040 1469 1125; x_wconf 81' lang='lat' dir='ltr'>Rogeri</span> <span class='ocrx_word' id='word_1_41' title='bbox 1480 1039 1610 1120; x_wconf 84' lang='lat' dir='ltr'>Cordel‚</span> 
     </span>
     <span class='ocr_line' id='line_1_6' title="bbox 409 1141 1609 1228; baseline 0 -22"><span class='ocrx_word' id='word_1_42' title='bbox 409 1141 553 1228; x_wconf 79' lang='lat' dir='ltr'><strong>magistri</strong></span> <span class='ocrx_word' id='word_1_43' title='bbox 569 1141 703 1206; x_wconf 86' lang='lat' dir='ltr'><strong>Roberti</strong></span> <span class='ocrx_word' id='word_1_44' title='bbox 729 1141 769 1206; x_wconf 93' lang='lat' dir='ltr'><strong>de</strong></span> <span class='ocrx_word' id='word_1_45' title='bbox 785 1141 936 1206; x_wconf 86' lang='lat' dir='ltr'><strong>Soeffeud</strong></span> <span class='ocrx_word' id='word_1_46' title='bbox 957 1150 1037 1206; x_wconf 93' lang='lat' dir='ltr'><strong>tunc</strong></span> <span class='ocrx_word' id='word_1_47' title='bbox 1059 1141 1234 1206; x_wconf 73' lang='lat' dir='ltr'><strong>senescalli</strong></span> <span class='ocrx_word' id='word_1_48' title='bbox 1257 1141 1369 1226; x_wconf 85' lang='lat' dir='ltr'>Burgi,</span> <span class='ocrx_word' id='word_1_49' title='bbox 1384 1141 1549 1227; x_wconf 84' lang='lat' dir='ltr'><strong>Ranulphi</strong></span> <span class='ocrx_word' id='word_1_50' title='bbox 1568 1142 1609 1206; x_wconf 93' lang='lat' dir='ltr'><strong>de</strong></span> 
     </span>
     <span class='ocr_line' id='line_1_7' title="bbox 408 1243 1140 1323; baseline 0.003 -15"><span class='ocrx_word' id='word_1_51' title='bbox 408 1243 605 1310; x_wconf 86' lang='lat' dir='ltr'>Wodistona</span> <span class='ocrx_word' id='word_1_52' title='bbox 620 1243 736 1323; x_wconf 90' lang='lat' dir='ltr'><strong>clerici,</strong></span> <span class='ocrx_word' id='word_1_53' title='bbox 751 1255 786 1308; x_wconf 90' lang='lat' dir='ltr'><strong>et</strong></span> <span class='ocrx_word' id='word_1_54' title='bbox 799 1243 936 1308; x_wconf 89' lang='lat' dir='ltr'>aliorum</span> <span class='ocrx_word' id='word_1_55' title='bbox 951 1244 1140 1310; x_wconf 85' lang='lat' dir='ltr'>multorum.</span> 
     </span>
    </p>

    <p class='ocr_par' dir='ltr' id='par_1_3' title="bbox 410 1345 1610 1638">
     <span class='ocr_line' id='line_1_8' title="bbox 453 1345 1610 1434; baseline 0.001 -24"><span class='ocrx_word' id='word_1_56' title='bbox 453 1347 706 1411; x_wconf 89' lang='lat' dir='ltr'>Memorandum</span> <span class='ocrx_word' id='word_1_57' title='bbox 722 1346 810 1431; x_wconf 93' lang='lat' dir='ltr'>quod</span> <span class='ocrx_word' id='word_1_58' title='bbox 824 1347 847 1411; x_wconf 86' lang='lat' dir='ltr'>J</span> <span class='ocrx_word' id='word_1_59' title='bbox 849 1347 995 1411; x_wconf 87' lang='lat' dir='ltr'>ohannes</span> <span class='ocrx_word' id='word_1_60' title='bbox 1011 1345 1360 1434; x_wconf 84' lang='lat' dir='ltr'><strong>Chaumberleyniecit</strong></span> <span class='ocrx_word' id='word_1_61' title='bbox 1373 1346 1561 1433; x_wconf 82' lang='lat' dir='ltr'>homagium</span> <span class='ocrx_word' id='word_1_62' title='bbox 1575 1355 1610 1411; x_wconf 90' lang='lat' dir='ltr'><strong>et</strong></span> 
     </span>
     <span class='ocr_line' id='line_1_9' title="bbox 410 1449 1609 1534; baseline 0 -20"><span class='ocrx_word' id='word_1_63' title='bbox 410 1449 600 1514; x_wconf 86' lang='lat' dir='ltr'><strong>fidelitatem</strong></span> <span class='ocrx_word' id='word_1_64' title='bbox 625 1449 757 1514; x_wconf 93' lang='lat' dir='ltr'>domino</span> <span class='ocrx_word' id='word_1_65' title='bbox 785 1449 923 1513; x_wconf 88' lang='lat' dir='ltr'>Ricardo</span> <span class='ocrx_word' id='word_1_66' title='bbox 954 1449 994 1513; x_wconf 92' lang='lat' dir='ltr'><strong>de</strong></span> <span class='ocrx_word' id='word_1_67' title='bbox 1020 1449 1202 1514; x_wconf 91' lang='lat' dir='ltr'><strong>Londoniis</strong></span> <span class='ocrx_word' id='word_1_68' title='bbox 1228 1449 1338 1514; x_wconf 85' lang='lat' dir='ltr'><strong>abbati</strong></span> <span class='ocrx_word' id='word_1_69' title='bbox 1364 1450 1468 1534; x_wconf 81' lang='lat' dir='ltr'>Burgi</span> <span class='ocrx_word' id='word_1_70' title='bbox 1501 1449 1609 1534; x_wconf 89' lang='lat' dir='ltr'>vigilia</span> 
     </span>
     <span class='ocr_line' id='line_1_10' title="bbox 412 1551 1609 1638; baseline 0 -21"><span class='ocrx_word' id='word_1_71' title='bbox 412 1563 598 1617; x_wconf 88' lang='lat' dir='ltr'>sanctorum</span> <span class='ocrx_word' id='word_1_72' title='bbox 620 1551 856 1636; x_wconf 83' lang='lat' dir='ltr'>Apostolorum</span> <span class='ocrx_word' id='word_1_73' title='bbox 883 1551 1026 1638; x_wconf 90' lang='lat' dir='ltr'><strong>Philippi</strong></span> <span class='ocrx_word' id='word_1_74' title='bbox 1052 1562 1087 1616; x_wconf 91' lang='lat' dir='ltr'><strong>et</strong></span> <span class='ocrx_word' id='word_1_75' title='bbox 1111 1551 1239 1638; x_wconf 84' lang='lat' dir='ltr'>Jacoby</span> <span class='ocrx_word' id='word_1_76' title='bbox 1264 1552 1353 1638; x_wconf 86' lang='lat' dir='ltr'><strong>apud</strong></span> <span class='ocrx_word' id='word_1_77' title='bbox 1379 1552 1526 1637; x_wconf 86' lang='lat' dir='ltr'>Burgum</span> <span class='ocrx_word' id='word_1_78' title='bbox 1549 1572 1609 1637; x_wconf 91' lang='lat' dir='ltr'><strong>pro</strong></span> 
     </span>
    </p>
   </div>
   <div class='ocr_carea' id='block_1_3' title="bbox 410 1653 1608 1741">
    <p class='ocr_par' dir='ltr' id='par_1_4' title="bbox 278 1653 1608 1741">
     <span class='ocr_line' id='line_1_11' title="bbox 410 1653 1608 1741; baseline -0.005 -16.695"><span class='ocrx_word' id='word_1_79' title='bbox 410 1666 598 1722; x_wconf 86' lang='lat' dir='ltr'><strong>tenemento</strong></span> <span class='ocrx_word' id='word_1_80' title='bbox 614 1654 702 1740; x_wconf 92' lang='lat' dir='ltr'>quod</span> <span class='ocrx_word' id='word_1_81' title='bbox 714 1655 754 1720; x_wconf 91' lang='lat' dir='ltr'><strong>de</strong></span> <span class='ocrx_word' id='word_1_82' title='bbox 768 1655 841 1740; x_wconf 85' lang='lat' dir='ltr'><strong>ipso</strong></span> <span class='ocrx_word' id='word_1_83' title='bbox 856 1664 949 1720; x_wconf 91' lang='lat' dir='ltr'><strong>tenet</strong></span> <span class='ocrx_word' id='word_1_84' title='bbox 962 1655 995 1718; x_wconf 94' lang='lat' dir='ltr'><strong>in</strong></span> <span class='ocrx_word' id='word_1_85' title='bbox 1009 1654 1220 1741; x_wconf 84' lang='lat' dir='ltr'>Wynewigga</span> <span class='ocrx_word' id='word_1_86' title='bbox 1233 1655 1268 1718; x_wconf 91' lang='lat' dir='ltr'><strong>in</strong></span> <span class='ocrx_word' id='word_1_87' title='bbox 1282 1653 1450 1741; x_wconf 86' lang='lat' dir='ltr'><strong>presencia</strong></span> <span class='ocrx_word' id='word_1_88' title='bbox 1464 1653 1608 1738; x_wconf 83' lang='lat' dir='ltr'>magistri</span> 
     </span>
    </p>
   </div>
   <div class='ocr_carea' id='block_1_4' title="bbox 310 1757 1608 1842">
    <p class='ocr_par' dir='ltr' id='par_1_5' title="bbox 310 1757 1608 1842">
     <span class='ocr_line' id='line_1_12' title="bbox 310 1757 1608 1842; baseline -0.003 -18"><span class='ocrx_word' id='word_1_89' title='bbox 310 1764 316 1779; x_wconf 88' lang='lat'>&#39;</span> <span class='ocrx_word' id='word_1_90' title='bbox 411 1759 546 1824; x_wconf 86' lang='lat' dir='ltr'><strong>Roberti</strong></span> <span class='ocrx_word' id='word_1_91' title='bbox 571 1758 745 1823; x_wconf 88' lang='lat' dir='ltr'><strong>Sceuffeud</strong></span> <span class='ocrx_word' id='word_1_92' title='bbox 760 1768 839 1823; x_wconf 91' lang='lat' dir='ltr'><strong>tunc</strong></span> <span class='ocrx_word' id='word_1_93' title='bbox 855 1757 1023 1823; x_wconf 76' lang='lat' dir='ltr'><strong>senescalli</strong></span> <span class='ocrx_word' id='word_1_94' title='bbox 1039 1757 1140 1842; x_wconf 89' lang='lat' dir='ltr'>Burgi</span> <span class='ocrx_word' id='word_1_95' title='bbox 1155 1767 1189 1822; x_wconf 91' lang='lat' dir='ltr'><strong>et</strong></span> <span class='ocrx_word' id='word_1_96' title='bbox 1203 1757 1351 1837; x_wconf 87' lang='lat' dir='ltr'>aliorum,</span> <span class='ocrx_word' id='word_1_97' title='bbox 1371 1778 1458 1821; x_wconf 87' lang='lat' dir='ltr'>anno</span> <span class='ocrx_word' id='word_1_98' title='bbox 1472 1757 1608 1822; x_wconf 89' lang='lat' dir='ltr'><strong>Domini</strong></span> 
     </span>
    </p>
   </div>
   <div class='ocr_carea' id='block_1_5' title="bbox 405 1961 1609 3365">
    <p class='ocr_par' dir='ltr' id='par_1_6' title="bbox 408 1961 1607 2246">
     <span class='ocr_line' id='line_1_13' title="bbox 409 1961 1607 2047; baseline -0.002 -19"><span class='ocrx_word' id='word_1_99' title='bbox 409 1986 484 2029; x_wconf 92' lang='lat' dir='ltr'><strong>cum</strong></span> <span class='ocrx_word' id='word_1_100' title='bbox 496 1985 562 2027; x_wconf 90' lang='lat' dir='ltr'><strong>uno</strong></span> <span class='ocrx_word' id='word_1_101' title='bbox 579 1964 755 2047; x_wconf 84' lang='lat' dir='ltr'><strong>mesuagio,</strong></span> <span class='ocrx_word' id='word_1_102' title='bbox 765 1973 799 2027; x_wconf 90' lang='lat' dir='ltr'><strong>et</strong></span> <span class='ocrx_word' id='word_1_103' title='bbox 813 1963 914 2028; x_wconf 90' lang='lat' dir='ltr'><strong>eciam</strong></span> <span class='ocrx_word' id='word_1_104' title='bbox 931 1973 1052 2028; x_wconf 90' lang='lat' dir='ltr'><strong>sectam</strong></span> <span class='ocrx_word' id='word_1_105' title='bbox 1067 1962 1109 2027; x_wconf 87' lang='lat' dir='ltr'>ad</span> <span class='ocrx_word' id='word_1_106' title='bbox 1124 1963 1245 2028; x_wconf 89' lang='lat' dir='ltr'>curiam</span> <span class='ocrx_word' id='word_1_107' title='bbox 1261 1963 1301 2028; x_wconf 91' lang='lat' dir='ltr'><strong>de</strong></span> <span class='ocrx_word' id='word_1_108' title='bbox 1317 1962 1433 2028; x_wconf 84' lang='lat' dir='ltr'>Castra</span> <span class='ocrx_word' id='word_1_109' title='bbox 1447 1963 1488 2027; x_wconf 86' lang='lat' dir='ltr'><strong>de</strong></span> <span class='ocrx_word' id='word_1_110' title='bbox 1502 1961 1607 2027; x_wconf 93' lang='lat' dir='ltr'>tribus</span> 
     </span>
     <span class='ocr_line' id='line_1_14' title="bbox 409 2065 1607 2152; baseline -0.002 -20"><span class='ocrx_word' id='word_1_111' title='bbox 409 2065 598 2150; x_wconf 88' lang='lat' dir='ltr'><strong>septimanis</strong></span> <span class='ocrx_word' id='word_1_112' title='bbox 612 2065 646 2128; x_wconf 94' lang='lat' dir='ltr'><strong>in</strong></span> <span class='ocrx_word' id='word_1_113' title='bbox 662 2073 728 2130; x_wconf 91' lang='lat' dir='ltr'>tres</span> <span class='ocrx_word' id='word_1_114' title='bbox 745 2066 953 2150; x_wconf 90' lang='lat' dir='ltr'>septimanas,</span> <span class='ocrx_word' id='word_1_115' title='bbox 969 2088 1029 2152; x_wconf 88' lang='lat' dir='ltr'><strong>pro</strong></span> <span class='ocrx_word' id='word_1_116' title='bbox 1044 2066 1269 2132; x_wconf 80' lang='lat' dir='ltr'><strong>terciodecimo</strong></span> <span class='ocrx_word' id='word_1_117' title='bbox 1291 2075 1383 2152; x_wconf 88' lang='lat' dir='ltr'>parte</span> <span class='ocrx_word' id='word_1_118' title='bbox 1407 2065 1506 2130; x_wconf 91' lang='lat' dir='ltr'><strong>unius</strong></span> <span class='ocrx_word' id='word_1_119' title='bbox 1521 2065 1607 2131; x_wconf 80' lang='lat' dir='ltr'><strong>feodi</strong></span> 
     </span>
     <span class='ocr_line' id='line_1_15' title="bbox 408 2165 1078 2246; baseline -0.004 -13"><span class='ocrx_word' id='word_1_120' title='bbox 408 2167 532 2246; x_wconf 89' lang='lat' dir='ltr'><strong>militis,</strong></span> <span class='ocrx_word' id='word_1_121' title='bbox 547 2175 581 2230; x_wconf 91' lang='lat' dir='ltr'><strong>et</strong></span> <span class='ocrx_word' id='word_1_122' title='bbox 595 2186 680 2230; x_wconf 89' lang='lat' dir='ltr'>anno</span> <span class='ocrx_word' id='word_1_123' title='bbox 696 2165 821 2230; x_wconf 91' lang='lat' dir='ltr'>domini</span> <span class='ocrx_word' id='word_1_124' title='bbox 835 2166 962 2231; x_wconf 90' lang='lat' dir='ltr'><strong>abbatis</strong></span> <span class='ocrx_word' id='word_1_125' title='bbox 978 2167 1078 2233; x_wconf 85' lang='lat' dir='ltr'><strong>x⁰vii⁰.</strong></span> 
     </span>
    </p>

    <p class='ocr_par' dir='ltr' id='par_1_7' title="bbox 405 2269 1609 3365">
     <span class='ocr_line' id='line_1_16' title="bbox 453 2269 1609 2355; baseline -0.002 -19"><span class='ocrx_word' id='word_1_126' title='bbox 453 2271 705 2336; x_wconf 91' lang='lat' dir='ltr'>Memorandum</span> <span class='ocrx_word' id='word_1_127' title='bbox 728 2270 816 2355; x_wconf 93' lang='lat' dir='ltr'>quod</span> <span class='ocrx_word' id='word_1_128' title='bbox 842 2269 894 2335; x_wconf 92' lang='lat' dir='ltr'><strong>die</strong></span> <span class='ocrx_word' id='word_1_129' title='bbox 920 2270 1032 2336; x_wconf 78' lang='lat' dir='ltr'><strong>Sancti</strong></span> <span class='ocrx_word' id='word_1_130' title='bbox 1054 2269 1175 2335; x_wconf 87' lang='lat' dir='ltr'><strong>Albani</strong></span> <span class='ocrx_word' id='word_1_131' title='bbox 1198 2269 1337 2335; x_wconf 86' lang='lat' dir='ltr'>martiris</span> <span class='ocrx_word' id='word_1_132' title='bbox 1363 2291 1449 2334; x_wconf 90' lang='lat' dir='ltr'>anno</span> <span class='ocrx_word' id='word_1_133' title='bbox 1473 2270 1609 2335; x_wconf 91' lang='lat' dir='ltr'>Domini</span> 
     </span>
     <span class='ocr_line' id='line_1_17' title="bbox 411 2371 1607 2459; baseline -0.001 -20"><span class='ocrx_word' id='word_1_134' title='bbox 411 2375 540 2440; x_wconf 84' lang='lat' dir='ltr'><strong>M.o⁰e⁰.</strong></span> <span class='ocrx_word' id='word_1_135' title='bbox 563 2373 798 2459; x_wconf 90' lang='lat' dir='ltr'>Nonogesimo,</span> <span class='ocrx_word' id='word_1_136' title='bbox 821 2372 920 2458; x_wconf 93' lang='lat' dir='ltr'>Hugo</span> <span class='ocrx_word' id='word_1_137' title='bbox 936 2371 977 2436; x_wconf 93' lang='lat' dir='ltr'><strong>de</strong></span> <span class='ocrx_word' id='word_1_138' title='bbox 996 2371 1088 2451; x_wconf 81' lang='lat' dir='ltr'><strong>hele,</strong></span> <span class='ocrx_word' id='word_1_139' title='bbox 1112 2372 1226 2458; x_wconf 88' lang='lat' dir='ltr'><strong>Nepos</strong></span> <span class='ocrx_word' id='word_1_140' title='bbox 1246 2371 1372 2436; x_wconf 88' lang='lat' dir='ltr'>domini</span> <span class='ocrx_word' id='word_1_141' title='bbox 1386 2371 1543 2436; x_wconf 92' lang='lat' dir='ltr'><strong>Willelmi</strong></span> <span class='ocrx_word' id='word_1_142' title='bbox 1567 2373 1607 2438; x_wconf 93' lang='lat' dir='ltr'><strong>de</strong></span> 
     </span>
     <span class='ocr_line' id='line_1_18' title="bbox 410 2475 1607 2562; baseline -0.002 -19"><span class='ocrx_word' id='word_1_143' title='bbox 410 2477 641 2562; x_wconf 85' lang='lat' dir='ltr'>Goldingham‚</span> <span class='ocrx_word' id='word_1_144' title='bbox 655 2477 731 2541; x_wconf 82' lang='lat' dir='ltr'><strong>fecit</strong></span> <span class='ocrx_word' id='word_1_145' title='bbox 744 2476 932 2560; x_wconf 82' lang='lat' dir='ltr'>homagium</span> <span class='ocrx_word' id='word_1_146' title='bbox 947 2483 981 2540; x_wconf 90' lang='lat' dir='ltr'><strong>et</strong></span> <span class='ocrx_word' id='word_1_147' title='bbox 1004 2475 1193 2540; x_wconf 88' lang='lat' dir='ltr'><strong>fidelitatem</strong></span> <span class='ocrx_word' id='word_1_148' title='bbox 1215 2475 1354 2539; x_wconf 87' lang='lat' dir='ltr'>Ricardo</span> <span class='ocrx_word' id='word_1_149' title='bbox 1370 2475 1410 2540; x_wconf 91' lang='lat' dir='ltr'><strong>de</strong></span> <span class='ocrx_word' id='word_1_150' title='bbox 1425 2475 1607 2541; x_wconf 87' lang='lat' dir='ltr'><strong>Londoniis</strong></span> 
     </span>
     <span class='ocr_line' id='line_1_19' title="bbox 409 2576 1608 2664; baseline -0.002 -20"><span class='ocrx_word' id='word_1_151' title='bbox 409 2579 518 2645; x_wconf 86' lang='lat' dir='ltr'><strong>abbati</strong></span> <span class='ocrx_word' id='word_1_152' title='bbox 541 2601 600 2664; x_wconf 88' lang='lat' dir='ltr'><strong>pro</strong></span> <span class='ocrx_word' id='word_1_153' title='bbox 625 2579 768 2642; x_wconf 88' lang='lat' dir='ltr'>manerio</span> <span class='ocrx_word' id='word_1_154' title='bbox 784 2578 824 2642; x_wconf 87' lang='lat' dir='ltr'><strong>de</strong></span> <span class='ocrx_word' id='word_1_155' title='bbox 840 2579 1009 2658; x_wconf 89' lang='lat' dir='ltr'>Nuntona‚</span> <span class='ocrx_word' id='word_1_156' title='bbox 1032 2577 1118 2663; x_wconf 92' lang='lat' dir='ltr'>quod</span> <span class='ocrx_word' id='word_1_157' title='bbox 1146 2577 1186 2641; x_wconf 90' lang='lat' dir='ltr'><strong>de</strong></span> <span class='ocrx_word' id='word_1_158' title='bbox 1209 2577 1282 2662; x_wconf 90' lang='lat' dir='ltr'><strong>ipso</strong></span> <span class='ocrx_word' id='word_1_159' title='bbox 1306 2576 1424 2642; x_wconf 83' lang='lat' dir='ltr'><strong>abbate</strong></span> <span class='ocrx_word' id='word_1_160' title='bbox 1449 2587 1550 2658; x_wconf 91' lang='lat' dir='ltr'><strong>tenet,</strong></span> <span class='ocrx_word' id='word_1_161' title='bbox 1574 2588 1608 2644; x_wconf 94' lang='lat' dir='ltr'><strong>et</strong></span> 
     </span>
     <span class='ocr_line' id='line_1_20' title="bbox 409 2677 1607 2766; baseline -0.001 -22"><span class='ocrx_word' id='word_1_162' title='bbox 409 2681 496 2766; x_wconf 92' lang='lat' dir='ltr'>quod</span> <span class='ocrx_word' id='word_1_163' title='bbox 519 2679 634 2744; x_wconf 88' lang='lat' dir='ltr'>habuit</span> <span class='ocrx_word' id='word_1_164' title='bbox 648 2701 689 2744; x_wconf 81' lang='lat' dir='ltr'><strong>ex</strong></span> <span class='ocrx_word' id='word_1_165' title='bbox 704 2678 882 2743; x_wconf 86' lang='lat' dir='ltr'><strong>donacione</strong></span> <span class='ocrx_word' id='word_1_166' title='bbox 898 2679 976 2743; x_wconf 91' lang='lat' dir='ltr'><strong>dicti</strong></span> <span class='ocrx_word' id='word_1_167' title='bbox 996 2678 1120 2742; x_wconf 88' lang='lat' dir='ltr'>domini</span> <span class='ocrx_word' id='word_1_168' title='bbox 1135 2677 1293 2743; x_wconf 89' lang='lat' dir='ltr'><strong>Willelmi</strong></span> <span class='ocrx_word' id='word_1_169' title='bbox 1319 2679 1359 2743; x_wconf 92' lang='lat' dir='ltr'><strong>de</strong></span> <span class='ocrx_word' id='word_1_170' title='bbox 1376 2677 1607 2765; x_wconf 82' lang='lat' dir='ltr'>Goldinghum,</span> 
     </span>
     <span class='ocr_line' id='line_1_21' title="bbox 407 2780 1606 2866; baseline -0.001 -19"><span class='ocrx_word' id='word_1_171' title='bbox 407 2793 442 2848; x_wconf 89' lang='lat' dir='ltr'><strong>et</strong></span> <span class='ocrx_word' id='word_1_172' title='bbox 456 2783 642 2847; x_wconf 90' lang='lat' dir='ltr'><strong>continetur</strong></span> <span class='ocrx_word' id='word_1_173' title='bbox 655 2782 690 2846; x_wconf 94' lang='lat' dir='ltr'><strong>in</strong></span> <span class='ocrx_word' id='word_1_174' title='bbox 705 2790 792 2846; x_wconf 87' lang='lat' dir='ltr'>carta</span> <span class='ocrx_word' id='word_1_175' title='bbox 818 2803 878 2845; x_wconf 86' lang='lat' dir='ltr'>sua</span> <span class='ocrx_word' id='word_1_176' title='bbox 903 2781 990 2866; x_wconf 92' lang='lat' dir='ltr'>quod</span> <span class='ocrx_word' id='word_1_177' title='bbox 1015 2780 1096 2844; x_wconf 90' lang='lat' dir='ltr'><strong>illud</strong></span> <span class='ocrx_word' id='word_1_178' title='bbox 1119 2790 1212 2846; x_wconf 92' lang='lat' dir='ltr'><strong>tenet</strong></span> <span class='ocrx_word' id='word_1_179' title='bbox 1236 2789 1271 2846; x_wconf 88' lang='lat' dir='ltr'><strong>et</strong></span> <span class='ocrx_word' id='word_1_180' title='bbox 1293 2780 1392 2845; x_wconf 89' lang='lat' dir='ltr'><strong>habet</strong></span> <span class='ocrx_word' id='word_1_181' title='bbox 1418 2781 1458 2845; x_wconf 91' lang='lat' dir='ltr'><strong>de</strong></span> <span class='ocrx_word' id='word_1_182' title='bbox 1473 2781 1606 2846; x_wconf 93' lang='lat' dir='ltr'>domino</span> 
     </span>
     <span class='ocr_line' id='line_1_22' title="bbox 406 2883 1607 2971; baseline -0.002 -21"><span class='ocrx_word' id='word_1_183' title='bbox 406 2884 522 2951; x_wconf 88' lang='lat' dir='ltr'><strong>abbate</strong></span> <span class='ocrx_word' id='word_1_184' title='bbox 537 2895 571 2951; x_wconf 91' lang='lat' dir='ltr'><strong>et</strong></span> <span class='ocrx_word' id='word_1_185' title='bbox 585 2886 655 2971; x_wconf 89' lang='lat' dir='ltr'><strong>ejus</strong></span> <span class='ocrx_word' id='word_1_186' title='bbox 671 2883 912 2949; x_wconf 89' lang='lat' dir='ltr'><strong>successoribus</strong></span> <span class='ocrx_word' id='word_1_187' title='bbox 935 2883 967 2947; x_wconf 94' lang='lat' dir='ltr'><strong>in</strong></span> <span class='ocrx_word' id='word_1_188' title='bbox 985 2883 1100 2968; x_wconf 87' lang='lat' dir='ltr'><strong>capite.</strong></span> <span class='ocrx_word' id='word_1_189' title='bbox 1145 2883 1191 2947; x_wconf 83' lang='lat' dir='ltr'><strong>Et</strong></span> <span class='ocrx_word' id='word_1_190' title='bbox 1212 2883 1402 2968; x_wconf 84' lang='lat' dir='ltr'><strong>recognovit</strong></span> <span class='ocrx_word' id='word_1_191' title='bbox 1416 2905 1451 2948; x_wconf 88' lang='lat' dir='ltr'><strong>se</strong></span> <span class='ocrx_word' id='word_1_192' title='bbox 1472 2883 1607 2948; x_wconf 88' lang='lat' dir='ltr'>reddere</span> 
     </span>
     <span class='ocr_line' id='line_1_23' title="bbox 405 2986 1608 3073; baseline -0.002 -19"><span class='ocrx_word' id='word_1_193' title='bbox 405 2991 574 3055; x_wconf 89' lang='lat' dir='ltr'><strong>annuatim</strong></span> <span class='ocrx_word' id='word_1_194' title='bbox 595 2989 694 3054; x_wconf 71' lang='lat' dir='ltr'>mviii.</span> <span class='ocrx_word' id='word_1_195' title='bbox 708 2988 761 3053; x_wconf 85' lang='lat' dir='ltr'><strong>vel</strong></span> <span class='ocrx_word' id='word_1_196' title='bbox 777 3010 840 3053; x_wconf 68' lang='lat' dir='ltr'><strong>mx.</strong></span> <span class='ocrx_word' id='word_1_197' title='bbox 868 2987 1028 3053; x_wconf 89' lang='lat' dir='ltr'>denarios.</span> <span class='ocrx_word' id='word_1_198' title='bbox 1074 2986 1169 3051; x_wconf 90' lang='lat' dir='ltr'><strong>Istud</strong></span> <span class='ocrx_word' id='word_1_199' title='bbox 1194 2986 1382 3072; x_wconf 87' lang='lat' dir='ltr'>homagium</span> <span class='ocrx_word' id='word_1_200' title='bbox 1396 2987 1473 3052; x_wconf 82' lang='lat' dir='ltr'><strong>fecit</strong></span> <span class='ocrx_word' id='word_1_201' title='bbox 1486 2988 1520 3052; x_wconf 95' lang='lat' dir='ltr'><strong>in</strong></span> <span class='ocrx_word' id='word_1_202' title='bbox 1536 3009 1608 3073; x_wconf 89' lang='lat' dir='ltr'><strong>pre-</strong></span> 
     </span>
     <span class='ocr_line' id='line_1_24' title="bbox 406 3087 1607 3178; baseline -0.002 -20"><span class='ocrx_word' id='word_1_203' title='bbox 406 3093 514 3158; x_wconf 88' lang='lat' dir='ltr'><strong>sencia</strong></span> <span class='ocrx_word' id='word_1_204' title='bbox 528 3091 673 3178; x_wconf 89' lang='lat' dir='ltr'>magistri</span> <span class='ocrx_word' id='word_1_205' title='bbox 688 3091 710 3156; x_wconf 90' lang='lat' dir='ltr'>J</span> <span class='ocrx_word' id='word_1_206' title='bbox 712 3089 849 3155; x_wconf 89' lang='lat' dir='ltr'>ohannis</span> <span class='ocrx_word' id='word_1_207' title='bbox 866 3089 964 3174; x_wconf 87' lang='lat' dir='ltr'>Laoy,</span> <span class='ocrx_word' id='word_1_208' title='bbox 977 3089 1032 3173; x_wconf 92' lang='lat' dir='ltr'><strong>qui</strong></span> <span class='ocrx_word' id='word_1_209' title='bbox 1047 3097 1126 3152; x_wconf 92' lang='lat' dir='ltr'><strong>tunc</strong></span> <span class='ocrx_word' id='word_1_210' title='bbox 1141 3097 1210 3152; x_wconf 89' lang='lat' dir='ltr'>erat</span> <span class='ocrx_word' id='word_1_211' title='bbox 1219 3087 1306 3173; x_wconf 88' lang='lat' dir='ltr'><strong>apud</strong></span> <span class='ocrx_word' id='word_1_212' title='bbox 1322 3088 1469 3173; x_wconf 82' lang='lat' dir='ltr'>Burgum</span> <span class='ocrx_word' id='word_1_213' title='bbox 1479 3093 1607 3156; x_wconf 88' lang='lat' dir='ltr'><strong>racione</strong></span> 
     </span>
     <span class='ocr_line' id='line_1_25' title="bbox 406 3191 1608 3282; baseline -0.002 -21"><span class='ocrx_word' id='word_1_214' title='bbox 406 3196 551 3282; x_wconf 89' lang='lat' dir='ltr'><strong>episcopi</strong></span> <span class='ocrx_word' id='word_1_215' title='bbox 566 3195 746 3273; x_wconf 90' lang='lat' dir='ltr'><strong>Lincolnie,</strong></span> <span class='ocrx_word' id='word_1_216' title='bbox 761 3194 816 3278; x_wconf 95' lang='lat' dir='ltr'><strong>qui</strong></span> <span class='ocrx_word' id='word_1_217' title='bbox 831 3203 910 3258; x_wconf 90' lang='lat' dir='ltr'><strong>tuno</strong></span> <span class='ocrx_word' id='word_1_218' title='bbox 925 3191 1080 3270; x_wconf 84' lang='lat' dir='ltr'>visitavit,</span> <span class='ocrx_word' id='word_1_219' title='bbox 1095 3201 1128 3255; x_wconf 92' lang='lat' dir='ltr'><strong>et</strong></span> <span class='ocrx_word' id='word_1_220' title='bbox 1138 3191 1264 3255; x_wconf 80' lang='lat' dir='ltr'>Thome</span> <span class='ocrx_word' id='word_1_221' title='bbox 1281 3191 1409 3270; x_wconf 89' lang='lat' dir='ltr'><strong>Pechel,</strong></span> <span class='ocrx_word' id='word_1_222' title='bbox 1424 3201 1459 3257; x_wconf 90' lang='lat' dir='ltr'><strong>et</strong></span> <span class='ocrx_word' id='word_1_223' title='bbox 1472 3193 1608 3259; x_wconf 87' lang='lat' dir='ltr'>aliorum</span> 
     </span>
     <span class='ocr_line' id='line_1_26' title="bbox 406 3300 595 3365; baseline -0.011 -1"><span class='ocrx_word' id='word_1_224' title='bbox 406 3300 595 3365; x_wconf 90' lang='lat' dir='ltr'>multorum.</span> 
     </span>
    </p>
   </div>
   <div class='ocr_carea' id='block_1_6' title="bbox 185 3396 1609 3490">
    <p class='ocr_par' dir='ltr' id='par_1_8' title="bbox 185 3396 1609 3490">
     <span class='ocr_line' id='line_1_27' title="bbox 185 3396 1609 3490; baseline -0.009 -17"><span class='ocrx_word' id='word_1_225' title='bbox 185 3423 382 3490; x_wconf 58' lang='lat' dir='ltr'>(somenam.)</span> <span class='ocrx_word' id='word_1_226' title='bbox 453 3402 705 3467; x_wconf 88' lang='lat' dir='ltr'>Memorandum</span> <span class='ocrx_word' id='word_1_227' title='bbox 728 3398 815 3485; x_wconf 93' lang='lat' dir='ltr'><strong>quod</strong></span> <span class='ocrx_word' id='word_1_228' title='bbox 841 3419 926 3462; x_wconf 91' lang='lat' dir='ltr'>anno</span> <span class='ocrx_word' id='word_1_229' title='bbox 947 3396 1084 3461; x_wconf 92' lang='lat' dir='ltr'>Domini</span> <span class='ocrx_word' id='word_1_230' title='bbox 1106 3397 1246 3462; x_wconf 83' lang='lat' dir='ltr'><strong>M.⁰o⁰o⁰.</strong></span> <span class='ocrx_word' id='word_1_231' title='bbox 1269 3397 1505 3482; x_wconf 90' lang='lat' dir='ltr'>Nonogesimo.</span> <span class='ocrx_word' id='word_1_232' title='bbox 1547 3397 1609 3461; x_wconf 84' lang='lat' dir='ltr'><strong>Jo-</strong></span> 
     </span>
    </p>
   </div>
   <div class='ocr_carea' id='block_1_7' title="bbox 191 3539 286 3586">
    <p class='ocr_par' dir='ltr' id='par_1_9' title="bbox 191 3539 286 3586">
     <span class='ocr_line' id='line_1_28' title="bbox 191 3539 286 3586; baseline 0.011 -1"><span class='ocrx_word' id='word_1_233' title='bbox 191 3539 286 3586; x_wconf 84' lang='lat' dir='ltr'><strong>Wclcot.</strong></span> 
     </span>
    </p>
   </div>
   <div class='ocr_carea' id='block_1_8' title="bbox 185 3733 295 3780">
    <p class='ocr_par' dir='ltr' id='par_1_10' title="bbox 185 3733 295 3780">
     <span class='ocr_line' id='line_1_29' title="bbox 185 3733 295 3780; baseline 0 0"><span class='ocrx_word' id='word_1_234' title='bbox 185 3733 295 3780; x_wconf 72' lang='lat' dir='ltr'><strong>Fervell.</strong></span> 
     </span>
    </p>
   </div>
   <div class='ocr_carea' id='block_1_9' title="bbox 408 3495 1607 4198">
    <p class='ocr_par' dir='ltr' id='par_1_11' title="bbox 408 3495 1607 4198">
     <span class='ocr_line' id='line_1_30' title="bbox 408 3495 1606 3582; baseline -0.005 -16"><span class='ocrx_word' id='word_1_235' title='bbox 408 3503 533 3567; x_wconf 89' lang='lat' dir='ltr'>hannes</span> <span class='ocrx_word' id='word_1_236' title='bbox 547 3502 634 3565; x_wconf 87' lang='lat' dir='ltr'><strong>filius</strong></span> <span class='ocrx_word' id='word_1_237' title='bbox 649 3500 772 3564; x_wconf 90' lang='lat' dir='ltr'>domini</span> <span class='ocrx_word' id='word_1_238' title='bbox 787 3499 810 3564; x_wconf 92' lang='lat' dir='ltr'><strong>J</strong></span> <span class='ocrx_word' id='word_1_239' title='bbox 811 3497 948 3563; x_wconf 89' lang='lat' dir='ltr'>ohannis</span> <span class='ocrx_word' id='word_1_240' title='bbox 966 3497 1086 3562; x_wconf 84' lang='lat' dir='ltr'><strong>Fauvel</strong></span> <span class='ocrx_word' id='word_1_241' title='bbox 1100 3497 1178 3562; x_wconf 85' lang='lat' dir='ltr'><strong>feeit</strong></span> <span class='ocrx_word' id='word_1_242' title='bbox 1201 3497 1388 3582; x_wconf 86' lang='lat' dir='ltr'>homagium</span> <span class='ocrx_word' id='word_1_243' title='bbox 1400 3495 1533 3560; x_wconf 90' lang='lat' dir='ltr'>domino</span> <span class='ocrx_word' id='word_1_244' title='bbox 1550 3497 1606 3560; x_wconf 85' lang='lat' dir='ltr'><strong>Ri-</strong></span> 
     </span>
     <span class='ocr_line' id='line_1_31' title="bbox 409 3597 1607 3684; baseline -0.002 -18"><span class='ocrx_word' id='word_1_245' title='bbox 409 3602 506 3668; x_wconf 90' lang='lat' dir='ltr'>cardo</span> <span class='ocrx_word' id='word_1_246' title='bbox 523 3603 562 3666; x_wconf 93' lang='lat' dir='ltr'><strong>de</strong></span> <span class='ocrx_word' id='word_1_247' title='bbox 574 3601 754 3666; x_wconf 92' lang='lat' dir='ltr'><strong>Londoniis</strong></span> <span class='ocrx_word' id='word_1_248' title='bbox 763 3600 884 3665; x_wconf 85' lang='lat' dir='ltr'><strong>Abbati</strong></span> <span class='ocrx_word' id='word_1_249' title='bbox 900 3599 1000 3684; x_wconf 90' lang='lat' dir='ltr'>Burgi</span> <span class='ocrx_word' id='word_1_250' title='bbox 1016 3599 1068 3665; x_wconf 88' lang='lat' dir='ltr'><strong>die</strong></span> <span class='ocrx_word' id='word_1_251' title='bbox 1083 3599 1194 3664; x_wconf 85' lang='lat' dir='ltr'><strong>Sancti</strong></span> <span class='ocrx_word' id='word_1_252' title='bbox 1206 3600 1293 3666; x_wconf 89' lang='lat' dir='ltr'>Petri</span> <span class='ocrx_word' id='word_1_253' title='bbox 1309 3601 1351 3662; x_wconf 89' lang='lat' dir='ltr'>ad</span> <span class='ocrx_word' id='word_1_254' title='bbox 1366 3597 1503 3662; x_wconf 87' lang='lat' dir='ltr'><strong>Vincula</strong></span> <span class='ocrx_word' id='word_1_255' title='bbox 1520 3601 1607 3684; x_wconf 90' lang='lat' dir='ltr'><strong>apud</strong></span> 
     </span>
     <span class='ocr_line' id='line_1_32' title="bbox 410 3698 1606 3788; baseline -0.003 -19"><span class='ocrx_word' id='word_1_256' title='bbox 410 3704 555 3787; x_wconf 86' lang='lat' dir='ltr'>Burgum</span> <span class='ocrx_word' id='word_1_257' title='bbox 571 3725 630 3788; x_wconf 93' lang='lat' dir='ltr'><strong>pro</strong></span> <span class='ocrx_word' id='word_1_258' title='bbox 645 3711 832 3767; x_wconf 89' lang='lat' dir='ltr'><strong>tenemento</strong></span> <span class='ocrx_word' id='word_1_259' title='bbox 844 3701 932 3785; x_wconf 93' lang='lat' dir='ltr'>quod</span> <span class='ocrx_word' id='word_1_260' title='bbox 948 3701 987 3764; x_wconf 92' lang='lat' dir='ltr'><strong>de</strong></span> <span class='ocrx_word' id='word_1_261' title='bbox 1002 3699 1075 3784; x_wconf 92' lang='lat' dir='ltr'><strong>ipso</strong></span> <span class='ocrx_word' id='word_1_262' title='bbox 1090 3711 1181 3766; x_wconf 93' lang='lat' dir='ltr'><strong>tenet</strong></span> <span class='ocrx_word' id='word_1_263' title='bbox 1195 3703 1229 3767; x_wconf 92' lang='lat' dir='ltr'><strong>in</strong></span> <span class='ocrx_word' id='word_1_264' title='bbox 1242 3699 1423 3778; x_wconf 83' lang='lat' dir='ltr'><strong>Walekota,</strong></span> <span class='ocrx_word' id='word_1_265' title='bbox 1436 3698 1606 3788; x_wconf 87' lang='lat' dir='ltr'>Sutthorp,</span> 
     </span>
     <span class='ocr_line' id='line_1_33' title="bbox 411 3802 1607 3890; baseline 0 -21"><span class='ocrx_word' id='word_1_266' title='bbox 411 3804 665 3884; x_wconf 82' lang='lat' dir='ltr'><strong>Hibaldestowe‚</strong></span> <span class='ocrx_word' id='word_1_267' title='bbox 676 3805 711 3868; x_wconf 91' lang='lat' dir='ltr'><strong>in</strong></span> <span class='ocrx_word' id='word_1_268' title='bbox 725 3803 892 3889; x_wconf 89' lang='lat' dir='ltr'><strong>presencia</strong></span> <span class='ocrx_word' id='word_1_269' title='bbox 906 3803 1050 3886; x_wconf 85' lang='lat' dir='ltr'>magistri</span> <span class='ocrx_word' id='word_1_270' title='bbox 1067 3803 1201 3867; x_wconf 86' lang='lat' dir='ltr'>Roberti</span> <span class='ocrx_word' id='word_1_271' title='bbox 1217 3814 1296 3868; x_wconf 91' lang='lat' dir='ltr'><strong>tunc</strong></span> <span class='ocrx_word' id='word_1_272' title='bbox 1311 3802 1478 3867; x_wconf 85' lang='lat' dir='ltr'><strong>senescalli</strong></span> <span class='ocrx_word' id='word_1_273' title='bbox 1494 3803 1607 3890; x_wconf 90' lang='lat' dir='ltr'>Burgi,</span> 
     </span>
     <span class='ocr_line' id='line_1_34' title="bbox 409 3902 1607 3992; baseline -0.003 -18"><span class='ocrx_word' id='word_1_274' title='bbox 409 3907 724 3992; x_wconf 87' lang='lat' dir='ltr'>Johannis&#39;parsone</span> <span class='ocrx_word' id='word_1_275' title='bbox 740 3907 780 3970; x_wconf 94' lang='lat' dir='ltr'><strong>de</strong></span> <span class='ocrx_word' id='word_1_276' title='bbox 805 3902 968 3984; x_wconf 86' lang='lat' dir='ltr'>Marham,</span> <span class='ocrx_word' id='word_1_277' title='bbox 984 3903 1124 3968; x_wconf 85' lang='lat' dir='ltr'>Galfridi</span> <span class='ocrx_word' id='word_1_278' title='bbox 1143 3904 1201 3968; x_wconf 91' lang='lat' dir='ltr'><strong>filii</strong></span> <span class='ocrx_word' id='word_1_279' title='bbox 1218 3905 1305 3970; x_wconf 93' lang='lat' dir='ltr'>Petri</span> <span class='ocrx_word' id='word_1_280' title='bbox 1329 3905 1370 3970; x_wconf 90' lang='lat' dir='ltr'><strong>de</strong></span> <span class='ocrx_word' id='word_1_281' title='bbox 1395 3906 1428 3969; x_wconf 91' lang='lat' dir='ltr'><strong>la</strong></span> <span class='ocrx_word' id='word_1_282' title='bbox 1443 3905 1548 3986; x_wconf 83' lang='lat' dir='ltr'>Mare,</span> <span class='ocrx_word' id='word_1_283' title='bbox 1573 3917 1607 3971; x_wconf 88' lang='lat' dir='ltr'><strong>et</strong></span> 
     </span>
     <span class='ocr_line' id='line_1_35' title="bbox 409 4006 1604 4092; baseline -0.003 -16"><span class='ocrx_word' id='word_1_284' title='bbox 409 4012 545 4076; x_wconf 89' lang='lat' dir='ltr'>aliorum</span> <span class='ocrx_word' id='word_1_285' title='bbox 561 4010 760 4090; x_wconf 69' lang='lat' dir='ltr'>multorum</span> <span class='ocrx_word' id='word_1_286' title='bbox 775 4017 809 4074; x_wconf 90' lang='lat' dir='ltr'><strong>et</strong></span> <span class='ocrx_word' id='word_1_287' title='bbox 823 4006 921 4072; x_wconf 88' lang='lat' dir='ltr'><strong>debet</strong></span> <span class='ocrx_word' id='word_1_288' title='bbox 935 4007 1076 4092; x_wconf 89' lang='lat' dir='ltr'><strong>plenarie</strong></span> <span class='ocrx_word' id='word_1_289' title='bbox 1092 4007 1288 4091; x_wconf 85' lang='lat' dir='ltr'><strong>respondere</strong></span> <span class='ocrx_word' id='word_1_290' title='bbox 1303 4007 1344 4074; x_wconf 88' lang='lat' dir='ltr'><strong>de</strong></span> <span class='ocrx_word' id='word_1_291' title='bbox 1360 4007 1489 4072; x_wconf 89' lang='lat' dir='ltr'><strong>duobus</strong></span> <span class='ocrx_word' id='word_1_292' title='bbox 1501 4007 1604 4072; x_wconf 81' lang='lat' dir='ltr'><strong>feodis</strong></span> 
     </span>
     <span class='ocr_line' id='line_1_36' title="bbox 408 4109 991 4198; baseline -0.009 -19"><span class='ocrx_word' id='word_1_293' title='bbox 408 4114 546 4179; x_wconf 92' lang='lat' dir='ltr'>militum</span> <span class='ocrx_word' id='word_1_294' title='bbox 549 4160 560 4194; x_wconf 91' lang='lat'><strong><em>,</em></strong></span> <span class='ocrx_word' id='word_1_295' title='bbox 575 4123 673 4197; x_wconf 90' lang='lat' dir='ltr'>prout</span> <span class='ocrx_word' id='word_1_296' title='bbox 687 4113 855 4198; x_wconf 88' lang='lat' dir='ltr'><strong>hucusque</strong></span> <span class='ocrx_word' id='word_1_297' title='bbox 870 4109 991 4176; x_wconf 87' lang='lat' dir='ltr'><strong>fecerit.</strong></span> 
     </span>
    </p>
   </div>
   <div class='ocr_carea' id='block_1_10' title="bbox 0 0 1952 5024">
    <p class='ocr_par' dir='ltr' id='par_1_12' title="bbox 0 0 1952 5024">
     <span class='ocr_line' id='line_1_37' title="bbox 0 0 1952 5024; baseline 0 1"><span class='ocrx_word' id='word_1_298' title='bbox 0 0 1952 5024; x_wconf 95' lang='lat' dir='ltr'><strong> </strong></span> 
     </span>
    </p>
   </div>
  </div>
 </body>
</html>
