3812 5030
590 675 803 720 onnosroou
828 677 1152 722 ranaosuaossss.
1426 662 1466 729 27

273 821 447 894 Ricardum
471 827 512 892 de
538 827 720 892 Foberham
736 838 771 894 et
789 828 959 893 dominum
980 829 1141 893 Thomam
1162 827 1202 894 de
1217 826 1364 892 Ardeme
1390 837 1470 892 tunc

271 931 1471 1017 vicecomitemNorhamtonie,perhasliterast-“Edwardus,Deigratia,

271 1037 329 1100 &a
374 1035 537 1100 Omnibus
552 1035 678 1100 ballivis
694 1045 728 1100 et
752 1035 902 1101 fidelibus
919 1037 986 1101 suis
1002 1037 1042 1101 de
1063 1037 1218 1101 comitatu
1234 1035 1471 1100 Norhamtonie

269 1139 310 1202 ad
340 1159 422 1222 quos
444 1147 613 1224 presentes
638 1138 744 1203 littere
771 1138 987 1224 pervenerint,
1010 1138 1158 1204 salutem.
1204 1137 1290 1203 Quia
1313 1137 1408 1201 certis
1431 1136 1472 1200 de

270 1239 376 1304 causis
392 1241 543 1306 volumus
567 1241 655 1327 quod
680 1263 794 1305 omnes
820 1239 972 1304 aurifabri
998 1261 1035 1304 ac
1057 1240 1210 1305 custodes
1235 1261 1412 1304 cuneorum
1439 1249 1473 1304 et

269 1340 399 1406 illorum
414 1342 594 1408 officiorum
609 1342 748 1406 ministri
763 1342 797 1406 in
812 1342 889 1406 villa
904 1341 1142 1406 Norhamtonie
1157 1341 1239 1405 etin
1265 1340 1335 1404 aliis
1361 1339 1472 1426 burgis

271 1453 304 1508 et
329 1445 415 1509 villis
441 1445 640 1511 mercatoriis
665 1467 724 1530 per
748 1454 856 1510 totum
879 1445 1072 1510 comitatum
1098 1443 1280 1528 predictum
1300 1454 1368 1507 tam
1390 1444 1474 1508 infra

270 1545 436 1611 libertates
460 1569 557 1632 quam
572 1557 664 1610 extra
680 1547 848 1631 capiantur
862 1567 928 1609 una
945 1568 1021 1610 cum
1043 1566 1155 1609 eorum
1174 1545 1270 1608 bonis
1294 1553 1328 1608 et
1351 1545 1473 1609 catallis

272 1660 339 1714 tam
354 1649 389 1713 in
406 1648 557 1714 domibus
572 1659 606 1714 et
621 1651 772 1714 maneriis
795 1649 863 1713 suis
878 1671 976 1734 quam
991 1648 1025 1711 in
1042 1648 1195 1732 schoppis
1212 1658 1246 1712 et
1259 1647 1293 1710 in
1309 1648 1379 1711 aliis
1393 1648 1473 1712 locis

271 1749 529 1838 quibuscumque
555 1753 623 1818 sive
649 1762 888 1838 superterram
919 1751 987 1816 sive
1014 1750 1131 1814 subtus
1157 1760 1287 1830 terram,
1312 1759 1346 1814 et
1386 1750 1474 1834 quod

271 1855 361 1918 salvo
377 1854 603 1919 custodiantur
628 1855 732 1920 donec
755 1855 843 1919 aliud
866 1855 942 1918 inde
966 1853 1027 1920 tibi
1052 1855 1302 1940 preceperimus.
1347 1854 1419 1918 Nos
1434 1855 1475 1918 dc

271 1957 437 2036 fidelitate,
463 1957 766 2044 circumspeccione,
790 1965 823 2021 et
855 1956 1025 2040 diligencia
1051 1955 1159 2025 dilecti
1185 1964 1219 2020 et
1243 1955 1348 2020 fidelis
1372 1957 1476 2021 nostri

273 2059 403 2124 Ricardi
431 2059 472 2124 de
501 2059 683 2124 Foberham
713 2069 748 2124 et
771 2060 899 2124 Thome
928 2059 1129 2124 vicecomitis
1159 2058 1295 2144 predicti
1325 2059 1476 2124 fiduciam

271 2173 419 2248 gerentes
439 2162 622 2247 specialem,
646 2163 881 2248 assignavimus
905 2163 1038 2227 eosdem
1064 2171 1098 2227 et
1123 2163 1213 2246 ipsos
1228 2183 1310 2247 quos
1325 2162 1389 2248 ipsi
1403 2163 1475 2227 loco

272 2267 323 2330 sui
337 2265 559 2351 assignabunt,
574 2267 615 2332 ad
630 2268 734 2332 dictos
753 2266 941 2346 aurifabros,
953 2267 1106 2331 custodes
1122 2287 1300 2330 cuneorum
1315 2277 1475 2330 eteorum

271 2369 448 2448 ministros,
463 2390 500 2432 ac
515 2390 628 2434 eorum
641 2369 729 2433 bona
750 2378 784 2433 ct
798 2368 911 2434 catalla
933 2369 968 2432 in
987 2369 1090 2433 forma
1110 2368 1256 2454 predicta
1277 2369 1477 2447 arestandos,

272 2471 446 2556 capiendos
462 2481 495 2536 et
517 2471 606 2536 salvo
621 2472 864 2549 custodiendos,
879 2481 912 2534 et
927 2471 967 2535 ad
983 2481 1141 2536 secretum
1167 2481 1201 2536 et
1223 2470 1432 2536 manifestum
1448 2471 1477 2535 si

273 2596 405 2641 necesse
430 2575 529 2640 fuerit
554 2575 744 2640 scrutinium
772 2574 937 2640 faciendos
952 2573 984 2638 in
1007 2574 1159 2640 omnibus
1181 2575 1261 2640 locis
1287 2575 1478 2660 pertinenti-

273 2679 334 2744 bus
349 2679 495 2765 predicto
513 2678 717 2762 (comitatui),
734 2679 790 2744 ubi
805 2678 911 2764 aliqua
926 2678 1067 2764 suspicio
1090 2679 1291 2744 invencionis
1307 2689 1476 2744 retonsure

272 2791 403 2847 monete
420 2780 648 2846 nostrehaberi
664 2781 780 2866 possit,
792 2791 826 2844 et
840 2781 881 2845 ad
896 2781 971 2846 indc
984 2793 1155 2866 suspectos
1168 2804 1226 2848 seu
1238 2782 1411 2847 indictatos
1424 2781 1476 2846 vel

155 2937 157 2944 ,
272 2885 489 2964 indictandos,
512 2907 578 2948 una
601 2906 676 2950 curn
699 2885 795 2949 bonis
820 2893 855 2948 et
878 2885 1001 2949 catallis
1026 2885 1093 2950 suis
1109 2885 1367 2971 quibuscumque
1390 2907 1476 2950 ares-

274 2987 402 3066 tandos,
417 2997 451 3053 et
474 2989 516 3052 ad
539 3010 577 3053 ea
599 3009 703 3074 usque
728 2986 844 3052 turrim
868 2997 1013 3050 nostram
1037 2987 1282 3052 Loudouiarum
1309 3009 1367 3072 per
1391 2987 1477 3052 vice-

275 3088 428 3154 comitem
463 3089 635 3153 comitatus
662 3089 799 3174 predicti
823 3088 935 3152 cariari
964 3099 998 3152 et
1022 3088 1143 3153 ibidem
1170 3089 1327 3153 custodiri
1352 3089 1476 3154 faciatis

277 3190 381 3254 donec
406 3189 494 3253 aliud
517 3189 593 3254 inde
619 3190 807 3254 duxerimus
837 3189 1065 3254 ordinandum.
1108 3189 1354 3274 Assignavimus
1377 3189 1475 3257 etiam

276 3292 409 3358 eosdem
425 3291 466 3355 ad
481 3311 595 3356 omncs
611 3291 688 3354 alias
709 3290 970 3355 circumstancias
986 3290 1109 3356 dictum
1123 3292 1289 3377 negotium
1306 3301 1476 3378 tangentes

276 3395 506 3460 examinandas
536 3394 716 3459 secundum
745 3394 833 3479 quod
863 3394 909 3460 eis
945 3393 1158 3479 injunximus.
1214 3396 1259 3460 Et
1282 3396 1356 3461 ideo
1382 3395 1476 3461 vobis

276 3499 481 3578 mandamus,
496 3497 583 3583 quod
607 3499 739 3583 prefatis
759 3499 897 3564 Ricardo
913 3507 947 3564 et
960 3499 1155 3579 vicecomiti,
1169 3500 1222 3564 vel
1237 3501 1298 3564 hiis
1314 3523 1396 3586 quos
1411 3501 1476 3587 ipsi

62 3629 263 3699 mumma)
276 3604 317 3668 ad
331 3605 394 3670 hoc
408 3601 643 3689 assiglnabunt,
658 3612 726 3666 tam
740 3603 824 3666 infra
844 3602 1010 3667 libertates
1028 3625 1126 3688 quam
1151 3613 1252 3684 extra,
1268 3604 1475 3671 intendentes

276 3708 347 3774 sitis
364 3717 398 3772 et
411 3707 659 3793 respondentes,
670 3707 877 3771 consulentes
889 3715 922 3770 et
933 3707 1124 3772 auxiliantes
1135 3718 1169 3772 et
1179 3708 1368 3773 assistentes
1380 3719 1478 3794 prout

275 3811 338 3896 ipsi
348 3811 443 3876 vobis
458 3811 640 3896 injungent,
656 3809 774 3886 dicent,
792 3831 850 3874 seu
865 3809 946 3874 scire
961 3809 1082 3876 facient
1095 3833 1136 3876 ex
1150 3821 1243 3896 parte
1258 3821 1379 3876 nostra.
1425 3811 1478 3876 Ita

276 3915 364 4002 quod
379 3915 459 3979 nulli
476 3924 620 3980 vestrum
636 3912 697 3978 sub
721 3913 864 3998 periculo
878 3913 945 3978 vite
969 3923 1003 3977 et
1026 3914 1247 3980 membrorum
1273 3925 1308 3980 et
1331 3915 1477 3981 omnium

276 4039 339 4105 que
353 4019 480 4084 habetis
495 4019 529 4083 in
545 4039 644 4103 regno
659 4027 773 4081 nostro
798 4015 951 4102 imputari
973 4017 1080 4102 possit
1094 4018 1147 4083 vel
1161 4018 1288 4097 debeat,
1303 4019 1477 4105 quominus

275 4119 433 4207 premissa
458 4119 645 4186 execucioni
669 4117 905 4183 demandentur
930 4117 1015 4184 sicut
1037 4119 1219 4205 predictum
1246 4129 1305 4184 est.
1381 4119 1478 4184 Man·

276 4224 391 4292 damus
406 4221 504 4288 ctiam
522 4243 580 4308 per
603 4229 770 4310 presentes
785 4219 968 4286 vicecomiti
993 4221 1167 4288 comitatus
1190 4221 1326 4307 predicti
1352 4231 1386 4286 et
1410 4219 1475 4285 bal·
