<?xml version="1.0" encoding="UTF-8"?>
<!DOCTYPE html PUBLIC "-//W3C//DTD XHTML 1.0 Transitional//EN"
    "http://www.w3.org/TR/xhtml1/DTD/xhtml1-transitional.dtd">
<html xmlns="http://www.w3.org/1999/xhtml" xml:lang="en" lang="en">
 <head>
  <title>
</title>
<meta http-equiv="Content-Type" content="text/html;charset=utf-8" />
  <meta name='ocr-system' content='tesseract 3.04.00' />
  <meta name='ocr-capabilities' content='ocr_page ocr_carea ocr_par ocr_line ocrx_word'/>
</head>
<body>
  <div class='ocr_page' id='page_1' title='image "./chroniconpetrob01brucgoog_0084.png"; bbox 0 0 3938 5022; ppageno 0'>
   <div class='ocr_carea' id='block_1_1' title="bbox 404 553 1286 611">
    <p class='ocr_par' dir='ltr' id='par_1_1' title="bbox 404 553 1286 611">
     <span class='ocr_line' id='line_1_1' title="bbox 404 553 1286 611; baseline -0.012 0"><span class='ocrx_word' id='word_1_1' title='bbox 404 553 445 611; x_wconf 81' lang='lat'>64</span> <span class='ocrx_word' id='word_1_2' title='bbox 723 563 939 610; x_wconf 76' lang='lat' dir='ltr'>cnrorrrcos</span> <span class='ocrx_word' id='word_1_3' title='bbox 957 557 1286 606; x_wconf 72' lang='lat' dir='ltr'>carnonoaosrrss.</span> 
     </span>
    </p>
   </div>
   <div class='ocr_carea' id='block_1_2' title="bbox 404 709 1628 2651">
    <p class='ocr_par' dir='ltr' id='par_1_2' title="bbox 404 709 1628 2651">
     <span class='ocr_line' id='line_1_2' title="bbox 404 709 1616 802; baseline -0.011 -22"><span class='ocrx_word' id='word_1_4' title='bbox 404 739 465 782; x_wconf 88' lang='lat' dir='ltr'>nos</span> <span class='ocrx_word' id='word_1_5' title='bbox 490 727 524 780; x_wconf 91' lang='lat' dir='ltr'>et</span> <span class='ocrx_word' id='word_1_6' title='bbox 550 737 686 802; x_wconf 89' lang='lat' dir='ltr'>regnum</span> <span class='ocrx_word' id='word_1_7' title='bbox 713 725 863 780; x_wconf 91' lang='lat' dir='ltr'>nostrum</span> <span class='ocrx_word' id='word_1_8' title='bbox 891 712 1048 778; x_wconf 81' lang='lat' dir='ltr'>invaserit</span> <span class='ocrx_word' id='word_1_9' title='bbox 1074 735 1094 774; x_wconf 94' lang='lat' dir='ltr'>a</span> <span class='ocrx_word' id='word_1_10' title='bbox 1115 721 1264 795; x_wconf 90' lang='lat' dir='ltr'>tempore</span> <span class='ocrx_word' id='word_1_11' title='bbox 1287 709 1382 793; x_wconf 90' lang='lat' dir='ltr'>cujus</span> <span class='ocrx_word' id='word_1_12' title='bbox 1408 717 1476 770; x_wconf 85' lang='lat' dir='ltr'>non</span> <span class='ocrx_word' id='word_1_13' title='bbox 1504 712 1616 790; x_wconf 90' lang='lat' dir='ltr'>potest</span> 
     </span>
     <span class='ocr_line' id='line_1_3' title="bbox 404 809 1618 900; baseline -0.01 -17"><span class='ocrx_word' id='word_1_14' title='bbox 404 815 547 883; x_wconf 91' lang='lat' dir='ltr'>hominis</span> <span class='ocrx_word' id='word_1_15' title='bbox 569 819 725 882; x_wconf 89' lang='lat' dir='ltr'>memoria</span> <span class='ocrx_word' id='word_1_16' title='bbox 740 817 911 895; x_wconf 89' lang='lat' dir='ltr'>recordari,</span> <span class='ocrx_word' id='word_1_17' title='bbox 930 826 1012 900; x_wconf 90' lang='lat' dir='ltr'>quot</span> <span class='ocrx_word' id='word_1_18' title='bbox 1034 825 1157 899; x_wconf 85' lang='lat' dir='ltr'>strages</span> <span class='ocrx_word' id='word_1_19' title='bbox 1180 821 1383 897; x_wconf 90' lang='lat' dir='ltr'>magnatum,</span> <span class='ocrx_word' id='word_1_20' title='bbox 1406 809 1568 874; x_wconf 86' lang='lat' dir='ltr'>nobilium</span> <span class='ocrx_word' id='word_1_21' title='bbox 1583 817 1618 872; x_wconf 91' lang='lat' dir='ltr'>et</span> 
     </span>
     <span class='ocr_line' id='line_1_4' title="bbox 405 917 1618 1006; baseline -0.009 -21"><span class='ocrx_word' id='word_1_22' title='bbox 405 922 541 985; x_wconf 85' lang='lat' dir='ltr'>aliorum</span> <span class='ocrx_word' id='word_1_23' title='bbox 566 931 634 985; x_wconf 87' lang='lat' dir='ltr'>tam</span> <span class='ocrx_word' id='word_1_24' title='bbox 659 921 870 1006; x_wconf 85' lang='lat' dir='ltr'>Anglicorum</span> <span class='ocrx_word' id='word_1_25' title='bbox 894 942 992 1005; x_wconf 88' lang='lat' dir='ltr'>quam</span> <span class='ocrx_word' id='word_1_26' title='bbox 1015 918 1164 995; x_wconf 87' lang='lat' dir='ltr'>aliomm,</span> <span class='ocrx_word' id='word_1_27' title='bbox 1175 917 1337 1001; x_wconf 85' lang='lat' dir='ltr'>juvenum</span> <span class='ocrx_word' id='word_1_28' title='bbox 1363 922 1461 997; x_wconf 85' lang='lat' dir='ltr'>atque</span> <span class='ocrx_word' id='word_1_29' title='bbox 1488 933 1618 988; x_wconf 87' lang='lat' dir='ltr'>senum,</span> 
     </span>
     <span class='ocr_line' id='line_1_5' title="bbox 405 1020 1619 1107; baseline -0.009 -21"><span class='ocrx_word' id='word_1_30' title='bbox 405 1023 579 1086; x_wconf 85' lang='lat' dir='ltr'>mulierum</span> <span class='ocrx_word' id='word_1_31' title='bbox 602 1032 637 1087; x_wconf 89' lang='lat' dir='ltr'>et</span> <span class='ocrx_word' id='word_1_32' title='bbox 655 1023 755 1087; x_wconf 83' lang='lat' dir='ltr'>ctiam</span> <span class='ocrx_word' id='word_1_33' title='bbox 778 1022 989 1107; x_wconf 79' lang='lat' dir='ltr'>parvulorum</span> <span class='ocrx_word' id='word_1_34' title='bbox 1013 1020 1137 1095; x_wconf 86' lang='lat' dir='ltr'>fecerit,</span> <span class='ocrx_word' id='word_1_35' title='bbox 1154 1026 1236 1104; x_wconf 89' lang='lat' dir='ltr'>quot</span> <span class='ocrx_word' id='word_1_36' title='bbox 1259 1025 1443 1082; x_wconf 86' lang='lat' dir='ltr'>castrorum</span> <span class='ocrx_word' id='word_1_37' title='bbox 1458 1024 1493 1078; x_wconf 92' lang='lat' dir='ltr'>et</span> <span class='ocrx_word' id='word_1_38' title='bbox 1506 1034 1619 1077; x_wconf 89' lang='lat' dir='ltr'>mane-</span> 
     </span>
     <span class='ocr_line' id='line_1_6' title="bbox 406 1115 1618 1207; baseline -0.009 -19"><span class='ocrx_word' id='word_1_39' title='bbox 406 1125 528 1188; x_wconf 89' lang='lat' dir='ltr'>riorum</span> <span class='ocrx_word' id='word_1_40' title='bbox 551 1124 702 1188; x_wconf 90' lang='lat' dir='ltr'>incendia</span> <span class='ocrx_word' id='word_1_41' title='bbox 727 1133 795 1188; x_wconf 90' lang='lat' dir='ltr'>tam</span> <span class='ocrx_word' id='word_1_42' title='bbox 818 1133 1007 1189; x_wconf 88' lang='lat' dir='ltr'>nostrorum</span> <span class='ocrx_word' id='word_1_43' title='bbox 1031 1144 1130 1207; x_wconf 93' lang='lat' dir='ltr'>quam</span> <span class='ocrx_word' id='word_1_44' title='bbox 1156 1121 1294 1184; x_wconf 89' lang='lat' dir='ltr'>aliorum</span> <span class='ocrx_word' id='word_1_45' title='bbox 1318 1118 1499 1182; x_wconf 91' lang='lat' dir='ltr'>incolarum</span> <span class='ocrx_word' id='word_1_46' title='bbox 1526 1115 1618 1200; x_wconf 89' lang='lat' dir='ltr'>regni</span> 
     </span>
     <span class='ocr_line' id='line_1_7' title="bbox 406 1222 1620 1311; baseline -0.008 -20"><span class='ocrx_word' id='word_1_47' title='bbox 406 1227 505 1311; x_wconf 87' lang='lat' dir='ltr'>hujus</span> <span class='ocrx_word' id='word_1_48' title='bbox 520 1227 677 1311; x_wconf 83' lang='lat' dir='ltr'>posuerit,</span> <span class='ocrx_word' id='word_1_49' title='bbox 692 1227 849 1311; x_wconf 79' lang='lat' dir='ltr'>quociens</span> <span class='ocrx_word' id='word_1_50' title='bbox 870 1226 1052 1291; x_wconf 82' lang='lat' dir='ltr'>turbaverit</span> <span class='ocrx_word' id='word_1_51' title='bbox 1074 1235 1109 1289; x_wconf 91' lang='lat' dir='ltr'>et</span> <span class='ocrx_word' id='word_1_52' title='bbox 1133 1222 1282 1288; x_wconf 84' lang='lat' dir='ltr'>infecerit</span> <span class='ocrx_word' id='word_1_53' title='bbox 1303 1243 1441 1306; x_wconf 91' lang='lat' dir='ltr'>regnum</span> <span class='ocrx_word' id='word_1_54' title='bbox 1456 1228 1620 1293; x_wconf 90' lang='lat' dir='ltr'>nostrum,</span> 
     </span>
     <span class='ocr_line' id='line_1_8' title="bbox 409 1323 1621 1414; baseline -0.007 -20"><span class='ocrx_word' id='word_1_55' title='bbox 409 1332 517 1394; x_wconf 91' lang='lat' dir='ltr'>Deum</span> <span class='ocrx_word' id='word_1_56' title='bbox 540 1340 575 1395; x_wconf 92' lang='lat' dir='ltr'>et</span> <span class='ocrx_word' id='word_1_57' title='bbox 596 1330 764 1396; x_wconf 93' lang='lat' dir='ltr'>hominem</span> <span class='ocrx_word' id='word_1_58' title='bbox 789 1353 858 1395; x_wconf 93' lang='lat' dir='ltr'>non</span> <span class='ocrx_word' id='word_1_59' title='bbox 883 1331 1039 1408; x_wconf 86' lang='lat' dir='ltr'>verendo,</span> <span class='ocrx_word' id='word_1_60' title='bbox 1054 1329 1110 1394; x_wconf 83' lang='lat' dir='ltr'>vix</span> <span class='ocrx_word' id='word_1_61' title='bbox 1133 1327 1241 1414; x_wconf 86' lang='lat' dir='ltr'>possit</span> <span class='ocrx_word' id='word_1_62' title='bbox 1264 1327 1376 1410; x_wconf 92' lang='lat' dir='ltr'>lingua</span> <span class='ocrx_word' id='word_1_63' title='bbox 1400 1323 1546 1388; x_wconf 89' lang='lat' dir='ltr'>hominis</span> <span class='ocrx_word' id='word_1_64' title='bbox 1562 1345 1621 1408; x_wconf 88' lang='lat' dir='ltr'>per</span> 
     </span>
     <span class='ocr_line' id='line_1_9' title="bbox 410 1427 1621 1517; baseline -0.007 -21"><span class='ocrx_word' id='word_1_65' title='bbox 410 1432 537 1517; x_wconf 90' lang='lat' dir='ltr'>singula</span> <span class='ocrx_word' id='word_1_66' title='bbox 545 1453 704 1498; x_wconf 87' lang='lat' dir='ltr'>enarrare.</span> <span class='ocrx_word' id='word_1_67' title='bbox 740 1433 864 1496; x_wconf 89' lang='lat' dir='ltr'>Verum</span> <span class='ocrx_word' id='word_1_68' title='bbox 873 1433 1011 1517; x_wconf 87' lang='lat' dir='ltr'>qualiter</span> <span class='ocrx_word' id='word_1_69' title='bbox 1021 1432 1084 1495; x_wconf 93' lang='lat' dir='ltr'>hiis</span> <span class='ocrx_word' id='word_1_70' title='bbox 1095 1430 1221 1510; x_wconf 88' lang='lat' dir='ltr'>diebus,</span> <span class='ocrx_word' id='word_1_71' title='bbox 1231 1439 1271 1493; x_wconf 91' lang='lat' dir='ltr'>ut</span> <span class='ocrx_word' id='word_1_72' title='bbox 1279 1427 1435 1514; x_wconf 85' lang='lat' dir='ltr'>preterita</span> <span class='ocrx_word' id='word_1_73' title='bbox 1444 1435 1621 1505; x_wconf 89' lang='lat' dir='ltr'>taceamus,</span> 
     </span>
     <span class='ocr_line' id='line_1_10' title="bbox 411 1530 1621 1620; baseline -0.008 -18"><span class='ocrx_word' id='word_1_74' title='bbox 411 1537 596 1602; x_wconf 80' lang='lat' dir='ltr'>Lewelinus</span> <span class='ocrx_word' id='word_1_75' title='bbox 610 1537 697 1601; x_wconf 86' lang='lat' dir='ltr'>filius</span> <span class='ocrx_word' id='word_1_76' title='bbox 709 1536 851 1614; x_wconf 67' lang='lat' dir='ltr'>(ruffini,</span> <span class='ocrx_word' id='word_1_77' title='bbox 866 1536 986 1600; x_wconf 90' lang='lat' dir='ltr'>Wallie</span> <span class='ocrx_word' id='word_1_78' title='bbox 1008 1536 1175 1620; x_wconf 90' lang='lat' dir='ltr'>quondam</span> <span class='ocrx_word' id='word_1_79' title='bbox 1196 1535 1360 1618; x_wconf 89' lang='lat' dir='ltr'>princeps,</span> <span class='ocrx_word' id='word_1_80' title='bbox 1376 1541 1410 1596; x_wconf 90' lang='lat' dir='ltr'>et</span> <span class='ocrx_word' id='word_1_81' title='bbox 1424 1530 1535 1596; x_wconf 87' lang='lat' dir='ltr'>David</span> <span class='ocrx_word' id='word_1_82' title='bbox 1550 1551 1621 1615; x_wconf 91' lang='lat' dir='ltr'>ger·</span> 
     </span>
     <span class='ocr_line' id='line_1_11' title="bbox 410 1635 1623 1726; baseline -0.007 -20"><span class='ocrx_word' id='word_1_83' title='bbox 410 1663 528 1706; x_wconf 91' lang='lat' dir='ltr'>manus</span> <span class='ocrx_word' id='word_1_84' title='bbox 543 1643 625 1726; x_wconf 89' lang='lat' dir='ltr'>ejus,</span> <span class='ocrx_word' id='word_1_85' title='bbox 641 1649 751 1725; x_wconf 89' lang='lat' dir='ltr'>spreto</span> <span class='ocrx_word' id='word_1_86' title='bbox 766 1640 933 1705; x_wconf 85' lang='lat' dir='ltr'>fidelitatis</span> <span class='ocrx_word' id='word_1_87' title='bbox 950 1662 1048 1724; x_wconf 90' lang='lat' dir='ltr'>quam</span> <span class='ocrx_word' id='word_1_88' title='bbox 1071 1638 1170 1703; x_wconf 93' lang='lat' dir='ltr'>nobis</span> <span class='ocrx_word' id='word_1_89' title='bbox 1193 1639 1337 1702; x_wconf 83' lang='lat' dir='ltr'>fecerant</span> <span class='ocrx_word' id='word_1_90' title='bbox 1352 1635 1476 1714; x_wconf 89' lang='lat' dir='ltr'>debito,</span> <span class='ocrx_word' id='word_1_91' title='bbox 1491 1643 1623 1698; x_wconf 87' lang='lat' dir='ltr'>assueta</span> 
     </span>
     <span class='ocr_line' id='line_1_12' title="bbox 410 1737 1622 1829; baseline -0.006 -20"><span class='ocrx_word' id='word_1_92' title='bbox 410 1745 593 1829; x_wconf 90' lang='lat' dir='ltr'>relinquere</span> <span class='ocrx_word' id='word_1_93' title='bbox 608 1766 673 1808; x_wconf 89' lang='lat' dir='ltr'>non</span> <span class='ocrx_word' id='word_1_94' title='bbox 689 1745 846 1822; x_wconf 81' lang='lat' dir='ltr'>valentes,</span> <span class='ocrx_word' id='word_1_95' title='bbox 872 1743 1127 1828; x_wconf 90' lang='lat' dir='ltr'>prodicionalius</span> <span class='ocrx_word' id='word_1_96' title='bbox 1143 1740 1240 1806; x_wconf 89' lang='lat' dir='ltr'>solito</span> <span class='ocrx_word' id='word_1_97' title='bbox 1255 1740 1349 1804; x_wconf 88' lang='lat' dir='ltr'>villas</span> <span class='ocrx_word' id='word_1_98' title='bbox 1364 1749 1496 1804; x_wconf 89' lang='lat' dir='ltr'>nostras</span> <span class='ocrx_word' id='word_1_99' title='bbox 1512 1737 1622 1802; x_wconf 92' lang='lat' dir='ltr'>subito</span> 
     </span>
     <span class='ocr_line' id='line_1_13' title="bbox 412 1841 1623 1931; baseline -0.006 -20"><span class='ocrx_word' id='word_1_100' title='bbox 412 1847 673 1922; x_wconf 86' lang='lat' dir='ltr'>combusserunt,</span> <span class='ocrx_word' id='word_1_101' title='bbox 688 1855 723 1911; x_wconf 89' lang='lat' dir='ltr'>et</span> <span class='ocrx_word' id='word_1_102' title='bbox 736 1848 835 1931; x_wconf 89' lang='lat' dir='ltr'>proth</span> <span class='ocrx_word' id='word_1_103' title='bbox 850 1846 963 1911; x_wconf 91' lang='lat' dir='ltr'>dolor!</span> <span class='ocrx_word' id='word_1_104' title='bbox 979 1845 1176 1930; x_wconf 92' lang='lat' dir='ltr'>quibusdam</span> <span class='ocrx_word' id='word_1_105' title='bbox 1190 1841 1344 1906; x_wconf 89' lang='lat' dir='ltr'>fidelibus</span> <span class='ocrx_word' id='word_1_106' title='bbox 1359 1841 1484 1907; x_wconf 89' lang='lat' dir='ltr'>nostris</span> <span class='ocrx_word' id='word_1_107' title='bbox 1495 1841 1623 1919; x_wconf 89' lang='lat' dir='ltr'>occisis,</span> 
     </span>
     <span class='ocr_line' id='line_1_14' title="bbox 413 1947 1626 2033; baseline -0.003 -20"><span class='ocrx_word' id='word_1_108' title='bbox 413 1959 447 2013; x_wconf 90' lang='lat' dir='ltr'>et</span> <span class='ocrx_word' id='word_1_109' title='bbox 457 1948 652 2033; x_wconf 87' lang='lat' dir='ltr'>quibusdam</span> <span class='ocrx_word' id='word_1_110' title='bbox 662 1949 895 2027; x_wconf 89' lang='lat' dir='ltr'>combussi,et</span> <span class='ocrx_word' id='word_1_111' title='bbox 905 1949 977 2012; x_wconf 87' lang='lat' dir='ltr'>aliis</span> <span class='ocrx_word' id='word_1_112' title='bbox 987 1947 1169 2013; x_wconf 88' lang='lat' dir='ltr'>carceribus</span> <span class='ocrx_word' id='word_1_113' title='bbox 1179 1947 1386 2030; x_wconf 87' lang='lat' dir='ltr'>mancipatis,</span> <span class='ocrx_word' id='word_1_114' title='bbox 1395 1955 1502 2012; x_wconf 87' lang='lat' dir='ltr'>castra</span> <span class='ocrx_word' id='word_1_115' title='bbox 1512 1955 1626 2010; x_wconf 90' lang='lat' dir='ltr'>nostra</span> 
     </span>
     <span class='ocr_line' id='line_1_15' title="bbox 412 2047 1625 2134; baseline -0.003 -18"><span class='ocrx_word' id='word_1_116' title='bbox 412 2051 566 2116; x_wconf 87' lang='lat' dir='ltr'>invadere</span> <span class='ocrx_word' id='word_1_117' title='bbox 580 2071 662 2114; x_wconf 91' lang='lat' dir='ltr'>ausu</span> <span class='ocrx_word' id='word_1_118' title='bbox 675 2050 847 2116; x_wconf 82' lang='lat' dir='ltr'>temerario</span> <span class='ocrx_word' id='word_1_119' title='bbox 870 2057 1151 2134; x_wconf 86' lang='lat' dir='ltr'>presumpserunt,</span> <span class='ocrx_word' id='word_1_120' title='bbox 1166 2047 1336 2113; x_wconf 85' lang='lat' dir='ltr'>fundendo</span> <span class='ocrx_word' id='word_1_121' title='bbox 1359 2048 1536 2114; x_wconf 82' lang='lat' dir='ltr'>inmaniter</span> <span class='ocrx_word' id='word_1_122' title='bbox 1551 2071 1625 2113; x_wconf 90' lang='lat' dir='ltr'>san-</span> 
     </span>
     <span class='ocr_line' id='line_1_16' title="bbox 413 2151 1626 2241; baseline -0.002 -22"><span class='ocrx_word' id='word_1_123' title='bbox 413 2156 544 2241; x_wconf 88' lang='lat' dir='ltr'>guinem</span> <span class='ocrx_word' id='word_1_124' title='bbox 559 2154 780 2233; x_wconf 88' lang='lat' dir='ltr'>innocentem,</span> <span class='ocrx_word' id='word_1_125' title='bbox 791 2155 860 2240; x_wconf 91' lang='lat' dir='ltr'>jam</span> <span class='ocrx_word' id='word_1_126' title='bbox 883 2161 937 2218; x_wconf 89' lang='lat' dir='ltr'>est</span> <span class='ocrx_word' id='word_1_127' title='bbox 957 2153 1050 2238; x_wconf 91' lang='lat' dir='ltr'>regni</span> <span class='ocrx_word' id='word_1_128' title='bbox 1072 2151 1178 2216; x_wconf 90' lang='lat' dir='ltr'>nostri</span> <span class='ocrx_word' id='word_1_129' title='bbox 1205 2151 1409 2236; x_wconf 89' lang='lat' dir='ltr'>singulorum</span> <span class='ocrx_word' id='word_1_130' title='bbox 1425 2153 1560 2218; x_wconf 89' lang='lat' dir='ltr'>auribus</span> <span class='ocrx_word' id='word_1_131' title='bbox 1574 2152 1626 2216; x_wconf 92' lang='lat' dir='ltr'>in-</span> 
     </span>
     <span class='ocr_line' id='line_1_17' title="bbox 414 2254 1625 2345; baseline -0.003 -21"><span class='ocrx_word' id='word_1_132' title='bbox 414 2259 588 2324; x_wconf 89' lang='lat' dir='ltr'>culcatum.</span> <span class='ocrx_word' id='word_1_133' title='bbox 621 2259 687 2324; x_wconf 88' lang='lat' dir='ltr'>Sed</span> <span class='ocrx_word' id='word_1_134' title='bbox 698 2259 764 2338; x_wconf 93' lang='lat' dir='ltr'>ille,</span> <span class='ocrx_word' id='word_1_135' title='bbox 779 2258 835 2345; x_wconf 94' lang='lat' dir='ltr'>qui</span> <span class='ocrx_word' id='word_1_136' title='bbox 849 2265 1024 2343; x_wconf 85' lang='lat' dir='ltr'>postquam</span> <span class='ocrx_word' id='word_1_137' title='bbox 1041 2254 1220 2341; x_wconf 88' lang='lat' dir='ltr'>peccatoris</span> <span class='ocrx_word' id='word_1_138' title='bbox 1230 2255 1481 2320; x_wconf 86' lang='lat' dir='ltr'>conversionem</span> <span class='ocrx_word' id='word_1_139' title='bbox 1497 2255 1625 2320; x_wconf 86' lang='lat' dir='ltr'>diucius</span> 
     </span>
     <span class='ocr_line' id='line_1_18' title="bbox 414 2357 1626 2448; baseline -0.003 -20"><span class='ocrx_word' id='word_1_140' title='bbox 414 2363 608 2448; x_wconf 80' lang='lat' dir='ltr'>expectavit,</span> <span class='ocrx_word' id='word_1_141' title='bbox 629 2362 739 2448; x_wconf 92' lang='lat' dir='ltr'>ipsum</span> <span class='ocrx_word' id='word_1_142' title='bbox 776 2360 966 2425; x_wconf 89' lang='lat' dir='ltr'>induratum</span> <span class='ocrx_word' id='word_1_143' title='bbox 1002 2358 1190 2444; x_wconf 85' lang='lat' dir='ltr'>precipitari</span> <span class='ocrx_word' id='word_1_144' title='bbox 1225 2357 1397 2443; x_wconf 88' lang='lat' dir='ltr'>permittit,</span> <span class='ocrx_word' id='word_1_145' title='bbox 1434 2359 1626 2444; x_wconf 87' lang='lat' dir='ltr'>hujusmodi</span> 
     </span>
     <span class='ocr_line' id='line_1_19' title="bbox 414 2460 1628 2548; baseline -0.002 -19"><span class='ocrx_word' id='word_1_146' title='bbox 414 2465 595 2545; x_wconf 86' lang='lat' dir='ltr'>fraudibus,</span> <span class='ocrx_word' id='word_1_147' title='bbox 607 2462 913 2541; x_wconf 83' lang='lat' dir='ltr'>machinationibus,</span> <span class='ocrx_word' id='word_1_148' title='bbox 927 2460 1089 2526; x_wconf 90' lang='lat' dir='ltr'>incendiis</span> <span class='ocrx_word' id='word_1_149' title='bbox 1104 2470 1139 2526; x_wconf 92' lang='lat' dir='ltr'>et</span> <span class='ocrx_word' id='word_1_150' title='bbox 1152 2461 1288 2527; x_wconf 92' lang='lat' dir='ltr'>cedibus</span> <span class='ocrx_word' id='word_1_151' title='bbox 1302 2461 1504 2542; x_wconf 89' lang='lat' dir='ltr'>inhumanis,</span> <span class='ocrx_word' id='word_1_152' title='bbox 1515 2472 1555 2527; x_wconf 92' lang='lat' dir='ltr'>ut</span> <span class='ocrx_word' id='word_1_153' title='bbox 1569 2485 1628 2548; x_wconf 86' lang='lat' dir='ltr'>ap·</span> 
     </span>
     <span class='ocr_line' id='line_1_20' title="bbox 415 2563 1627 2651; baseline 0 -21"><span class='ocrx_word' id='word_1_154' title='bbox 415 2573 518 2651; x_wconf 77' lang='lat' dir='ltr'>paret,</span> <span class='ocrx_word' id='word_1_155' title='bbox 531 2566 750 2631; x_wconf 80' lang='lat' dir='ltr'>verisimiliter</span> <span class='ocrx_word' id='word_1_156' title='bbox 764 2564 922 2649; x_wconf 88' lang='lat' dir='ltr'>inponere</span> <span class='ocrx_word' id='word_1_157' title='bbox 937 2563 1038 2628; x_wconf 89' lang='lat' dir='ltr'>finem</span> <span class='ocrx_word' id='word_1_158' title='bbox 1052 2565 1179 2642; x_wconf 89' lang='lat' dir='ltr'>volens,</span> <span class='ocrx_word' id='word_1_159' title='bbox 1194 2563 1286 2648; x_wconf 90' lang='lat' dir='ltr'>prius</span> <span class='ocrx_word' id='word_1_160' title='bbox 1308 2564 1397 2629; x_wconf 91' lang='lat' dir='ltr'>dicto</span> <span class='ocrx_word' id='word_1_161' title='bbox 1412 2564 1562 2651; x_wconf 90' lang='lat' dir='ltr'>principe</span> <span class='ocrx_word' id='word_1_162' title='bbox 1576 2566 1627 2630; x_wconf 92' lang='lat' dir='ltr'>in-</span> 
     </span>
    </p>
   </div>
   <div class='ocr_carea' id='block_1_3' title="bbox 197 2661 1629 2752">
    <p class='ocr_par' dir='ltr' id='par_1_3' title="bbox 197 2661 1629 2752">
     <span class='ocr_line' id='line_1_21' title="bbox 197 2661 1629 2752; baseline 0.005 -27"><span class='ocrx_word' id='word_1_163' title='bbox 197 2661 261 2724; x_wconf 59' lang='lat' dir='ltr'>(sd</span> <span class='ocrx_word' id='word_1_164' title='bbox 274 2678 321 2712; x_wconf 67' lang='lat' dir='ltr'>aas.</span> <span class='ocrx_word' id='word_1_165' title='bbox 334 2665 385 2726; x_wconf 68' lang='lat' dir='ltr'>e.)</span> <span class='ocrx_word' id='word_1_166' title='bbox 415 2667 562 2746; x_wconf 82' lang='lat' dir='ltr'>terfecto‚</span> <span class='ocrx_word' id='word_1_167' title='bbox 577 2666 710 2732; x_wconf 93' lang='lat' dir='ltr'>tandem</span> <span class='ocrx_word' id='word_1_168' title='bbox 730 2665 856 2730; x_wconf 90' lang='lat' dir='ltr'>dictum</span> <span class='ocrx_word' id='word_1_169' title='bbox 870 2669 884 2745; x_wconf 79' lang='lat' dir='ltr'>l</span> <span class='ocrx_word' id='word_1_170' title='bbox 898 2665 1019 2744; x_wconf 86' lang='lat' dir='ltr'>David,</span> <span class='ocrx_word' id='word_1_171' title='bbox 1034 2666 1090 2750; x_wconf 89' lang='lat' dir='ltr'>qui</span> <span class='ocrx_word' id='word_1_172' title='bbox 1116 2667 1210 2750; x_wconf 88' lang='lat' dir='ltr'>quasi</span> <span class='ocrx_word' id='word_1_173' title='bbox 1235 2666 1373 2731; x_wconf 87' lang='lat' dir='ltr'>ultimus</span> <span class='ocrx_word' id='word_1_174' title='bbox 1397 2677 1565 2752; x_wconf 85' lang='lat' dir='ltr'>superstes</span> <span class='ocrx_word' id='word_1_175' title='bbox 1588 2668 1629 2732; x_wconf 92' lang='lat' dir='ltr'>de</span> 
     </span>
    </p>
   </div>
   <div class='ocr_carea' id='block_1_4' title="bbox 200 4083 337 4130">
    <p class='ocr_par' dir='ltr' id='par_1_4' title="bbox 200 4083 337 4130">
     <span class='ocr_line' id='line_1_22' title="bbox 200 4083 337 4130; baseline 0.015 -2"><span class='ocrx_word' id='word_1_176' title='bbox 200 4083 254 4130; x_wconf 87' lang='lat' dir='ltr'>lloo</span> <span class='ocrx_word' id='word_1_177' title='bbox 265 4097 337 4130; x_wconf 81' lang='lat' dir='ltr'>anno.</span> 
     </span>
    </p>
   </div>
   <div class='ocr_carea' id='block_1_5' title="bbox 417 2765 1629 2855">
    <p class='ocr_par' dir='ltr' id='par_1_5' title="bbox 417 2765 1629 2855">
     <span class='ocr_line' id='line_1_23' title="bbox 417 2765 1629 2855; baseline 0.001 -21"><span class='ocrx_word' id='word_1_178' title='bbox 417 2767 579 2834; x_wconf 88' lang='lat' dir='ltr'>dictorum</span> <span class='ocrx_word' id='word_1_179' title='bbox 594 2767 798 2855; x_wconf 88' lang='lat' dir='ltr'>proditorum</span> <span class='ocrx_word' id='word_1_180' title='bbox 824 2787 942 2851; x_wconf 87' lang='lat' dir='ltr'>genere</span> <span class='ocrx_word' id='word_1_181' title='bbox 963 2765 1157 2847; x_wconf 85' lang='lat' dir='ltr'>habebatur,</span> <span class='ocrx_word' id='word_1_182' title='bbox 1172 2769 1375 2854; x_wconf 85' lang='lat' dir='ltr'>captivatum</span> <span class='ocrx_word' id='word_1_183' title='bbox 1399 2791 1459 2855; x_wconf 91' lang='lat' dir='ltr'>per</span> <span class='ocrx_word' id='word_1_184' title='bbox 1476 2770 1629 2836; x_wconf 90' lang='lat' dir='ltr'>homines</span> 
     </span>
    </p>
   </div>
   <div class='ocr_carea' id='block_1_6' title="bbox 416 2869 1749 2958">
    <p class='ocr_par' dir='ltr' id='par_1_6' title="bbox 416 2869 1749 2958">
     <span class='ocr_line' id='line_1_24' title="bbox 416 2869 1749 2958; baseline -0.001 -21"><span class='ocrx_word' id='word_1_185' title='bbox 416 2869 527 2956; x_wconf 88' lang='lat' dir='ltr'>lingue</span> <span class='ocrx_word' id='word_1_186' title='bbox 553 2891 613 2937; x_wconf 92' lang='lat' dir='ltr'>sue</span> <span class='ocrx_word' id='word_1_187' title='bbox 640 2877 756 2936; x_wconf 86' lang='lat' dir='ltr'>nostro</span> <span class='ocrx_word' id='word_1_188' title='bbox 779 2869 899 2936; x_wconf 91' lang='lat' dir='ltr'>carceri</span> <span class='ocrx_word' id='word_1_189' title='bbox 922 2869 1110 2934; x_wconf 86' lang='lat' dir='ltr'>destinavit.</span> <span class='ocrx_word' id='word_1_190' title='bbox 1155 2871 1262 2956; x_wconf 85' lang='lat' dir='ltr'>Super</span> <span class='ocrx_word' id='word_1_191' title='bbox 1285 2894 1352 2958; x_wconf 94' lang='lat' dir='ltr'>quo</span> <span class='ocrx_word' id='word_1_192' title='bbox 1379 2872 1486 2936; x_wconf 92' lang='lat' dir='ltr'>eidem</span> <span class='ocrx_word' id='word_1_193' title='bbox 1510 2871 1630 2957; x_wconf 85' lang='lat' dir='ltr'>gratias</span> <span class='ocrx_word' id='word_1_194' title='bbox 1744 2871 1749 2878; x_wconf 85' lang='lat'>&#39;</span> 
     </span>
    </p>
   </div>
   <div class='ocr_carea' id='block_1_7' title="bbox 418 2971 1638 4191">
    <p class='ocr_par' dir='ltr' id='par_1_7' title="bbox 418 2971 1635 4071">
     <span class='ocr_line' id='line_1_25' title="bbox 418 2971 1630 3061; baseline 0.002 -23"><span class='ocrx_word' id='word_1_195' title='bbox 418 2971 554 3059; x_wconf 83' lang='lat' dir='ltr'>agimus,</span> <span class='ocrx_word' id='word_1_196' title='bbox 567 2975 652 3040; x_wconf 86' lang='lat' dir='ltr'>sicut</span> <span class='ocrx_word' id='word_1_197' title='bbox 662 2973 772 3060; x_wconf 90' lang='lat' dir='ltr'>ipsum</span> <span class='ocrx_word' id='word_1_198' title='bbox 783 2973 941 3038; x_wconf 80' lang='lat' dir='ltr'>factorem</span> <span class='ocrx_word' id='word_1_199' title='bbox 951 2972 1114 3037; x_wconf 92' lang='lat' dir='ltr'>credimus</span> <span class='ocrx_word' id='word_1_200' title='bbox 1124 2974 1225 3060; x_wconf 88' lang='lat' dir='ltr'>hujus</span> <span class='ocrx_word' id='word_1_201' title='bbox 1234 2975 1293 3040; x_wconf 88' lang='lat' dir='ltr'>rei.</span> <span class='ocrx_word' id='word_1_202' title='bbox 1316 2975 1364 3040; x_wconf 86' lang='lat' dir='ltr'>Et</span> <span class='ocrx_word' id='word_1_203' title='bbox 1374 2975 1451 3061; x_wconf 86' lang='lat' dir='ltr'>quia</span> <span class='ocrx_word' id='word_1_204' title='bbox 1462 2997 1538 3041; x_wconf 92' lang='lat' dir='ltr'>cum</span> <span class='ocrx_word' id='word_1_205' title='bbox 1548 2975 1630 3040; x_wconf 88' lang='lat' dir='ltr'>fide·</span> 
     </span>
     <span class='ocr_line' id='line_1_26' title="bbox 418 3073 1632 3163; baseline 0.003 -24"><span class='ocrx_word' id='word_1_206' title='bbox 418 3075 504 3141; x_wconf 92' lang='lat' dir='ltr'>libus</span> <span class='ocrx_word' id='word_1_207' title='bbox 519 3075 641 3143; x_wconf 88' lang='lat' dir='ltr'>nostris</span> <span class='ocrx_word' id='word_1_208' title='bbox 652 3077 806 3143; x_wconf 83' lang='lat' dir='ltr'>volumus</span> <span class='ocrx_word' id='word_1_209' title='bbox 815 3073 937 3140; x_wconf 89' lang='lat' dir='ltr'>habere</span> <span class='ocrx_word' id='word_1_210' title='bbox 948 3073 1149 3160; x_wconf 88' lang='lat' dir='ltr'>colloquium</span> <span class='ocrx_word' id='word_1_211' title='bbox 1165 3075 1243 3163; x_wconf 92' lang='lat' dir='ltr'>quid</span> <span class='ocrx_word' id='word_1_212' title='bbox 1261 3078 1302 3143; x_wconf 92' lang='lat' dir='ltr'>de</span> <span class='ocrx_word' id='word_1_213' title='bbox 1313 3079 1424 3143; x_wconf 82' lang='lat' dir='ltr'>David</span> <span class='ocrx_word' id='word_1_214' title='bbox 1432 3078 1505 3144; x_wconf 90' lang='lat' dir='ltr'>fieri</span> <span class='ocrx_word' id='word_1_215' title='bbox 1514 3080 1632 3145; x_wconf 90' lang='lat' dir='ltr'>debeat</span> 
     </span>
     <span class='ocr_line' id='line_1_27' title="bbox 419 3179 1632 3268; baseline 0.003 -26"><span class='ocrx_word' id='word_1_216' title='bbox 419 3189 611 3252; x_wconf 89' lang='lat' dir='ltr'>memorato,</span> <span class='ocrx_word' id='word_1_217' title='bbox 627 3201 722 3265; x_wconf 88' lang='lat' dir='ltr'>quern</span> <span class='ocrx_word' id='word_1_218' title='bbox 739 3179 919 3264; x_wconf 85' lang='lat' dir='ltr'>relegatum</span> <span class='ocrx_word' id='word_1_219' title='bbox 931 3199 1190 3262; x_wconf 87' lang='lat' dir='ltr'>susceperamus,</span> <span class='ocrx_word' id='word_1_220' title='bbox 1202 3181 1423 3246; x_wconf 91' lang='lat' dir='ltr'>nutrieramus</span> <span class='ocrx_word' id='word_1_221' title='bbox 1435 3182 1632 3268; x_wconf 86' lang='lat' dir='ltr'>orphanum,</span> 
     </span>
     <span class='ocr_line' id='line_1_28' title="bbox 420 3280 1634 3368; baseline 0.003 -24"><span class='ocrx_word' id='word_1_222' title='bbox 420 3287 454 3344; x_wconf 88' lang='lat' dir='ltr'>ct</span> <span class='ocrx_word' id='word_1_223' title='bbox 478 3281 640 3344; x_wconf 90' lang='lat' dir='ltr'>nutritum</span> <span class='ocrx_word' id='word_1_224' title='bbox 664 3281 884 3344; x_wconf 87' lang='lat' dir='ltr'>ditaveramus</span> <span class='ocrx_word' id='word_1_225' title='bbox 908 3281 949 3345; x_wconf 90' lang='lat' dir='ltr'>de</span> <span class='ocrx_word' id='word_1_226' title='bbox 970 3280 1112 3365; x_wconf 87' lang='lat' dir='ltr'>propriis</span> <span class='ocrx_word' id='word_1_227' title='bbox 1135 3281 1231 3346; x_wconf 88' lang='lat' dir='ltr'>terris</span> <span class='ocrx_word' id='word_1_228' title='bbox 1254 3283 1388 3362; x_wconf 91' lang='lat' dir='ltr'>nostris,</span> <span class='ocrx_word' id='word_1_229' title='bbox 1410 3283 1520 3368; x_wconf 92' lang='lat' dir='ltr'>ipsum</span> <span class='ocrx_word' id='word_1_230' title='bbox 1547 3285 1634 3348; x_wconf 87' lang='lat' dir='ltr'>inter</span> 
     </span>
     <span class='ocr_line' id='line_1_29' title="bbox 419 3379 1633 3470; baseline 0.007 -28"><span class='ocrx_word' id='word_1_231' title='bbox 419 3379 559 3462; x_wconf 87' lang='lat' dir='ltr'>majores</span> <span class='ocrx_word' id='word_1_232' title='bbox 577 3381 705 3465; x_wconf 88' lang='lat' dir='ltr'>pallacii</span> <span class='ocrx_word' id='word_1_233' title='bbox 719 3381 825 3446; x_wconf 91' lang='lat' dir='ltr'>nostri</span> <span class='ocrx_word' id='word_1_234' title='bbox 845 3381 1053 3458; x_wconf 87' lang='lat' dir='ltr'>collocantes,</span> <span class='ocrx_word' id='word_1_235' title='bbox 1076 3381 1137 3445; x_wconf 88' lang='lat' dir='ltr'>tibi</span> <span class='ocrx_word' id='word_1_236' title='bbox 1152 3382 1352 3468; x_wconf 87' lang='lat' dir='ltr'>precipimus</span> <span class='ocrx_word' id='word_1_237' title='bbox 1369 3384 1507 3449; x_wconf 86' lang='lat' dir='ltr'>firmiter</span> <span class='ocrx_word' id='word_1_238' title='bbox 1521 3385 1633 3470; x_wconf 84' lang='lat' dir='ltr'>injun-</span> 
     </span>
     <span class='ocr_line' id='line_1_30' title="bbox 418 3480 1634 3567; baseline 0.007 -23"><span class='ocrx_word' id='word_1_239' title='bbox 418 3488 544 3564; x_wconf 85' lang='lat' dir='ltr'>gentes,</span> <span class='ocrx_word' id='word_1_240' title='bbox 559 3481 647 3566; x_wconf 89' lang='lat' dir='ltr'>quod</span> <span class='ocrx_word' id='word_1_241' title='bbox 662 3481 696 3544; x_wconf 91' lang='lat' dir='ltr'>in</span> <span class='ocrx_word' id='word_1_242' title='bbox 711 3480 810 3564; x_wconf 92' lang='lat' dir='ltr'>pleno</span> <span class='ocrx_word' id='word_1_243' title='bbox 825 3481 984 3545; x_wconf 89' lang='lat' dir='ltr'>comitatu</span> <span class='ocrx_word' id='word_1_244' title='bbox 999 3491 1058 3546; x_wconf 91' lang='lat' dir='ltr'>tuo</span> <span class='ocrx_word' id='word_1_245' title='bbox 1069 3483 1145 3567; x_wconf 89' lang='lat' dir='ltr'>eligi</span> <span class='ocrx_word' id='word_1_246' title='bbox 1159 3484 1257 3548; x_wconf 81' lang='lat' dir='ltr'>facias</span> <span class='ocrx_word' id='word_1_247' title='bbox 1273 3485 1357 3550; x_wconf 94' lang='lat' dir='ltr'>duos</span> <span class='ocrx_word' id='word_1_248' title='bbox 1372 3487 1494 3550; x_wconf 87' lang='lat' dir='ltr'>milites</span> <span class='ocrx_word' id='word_1_249' title='bbox 1510 3487 1551 3551; x_wconf 90' lang='lat' dir='ltr'>de</span> <span class='ocrx_word' id='word_1_250' title='bbox 1566 3487 1634 3552; x_wconf 86' lang='lat' dir='ltr'>dis-</span> 
     </span>
     <span class='ocr_line' id='line_1_31' title="bbox 419 3579 1633 3670; baseline 0.007 -26"><span class='ocrx_word' id='word_1_251' title='bbox 419 3579 615 3645; x_wconf 90' lang='lat' dir='ltr'>crecioribus</span> <span class='ocrx_word' id='word_1_252' title='bbox 627 3589 661 3646; x_wconf 89' lang='lat' dir='ltr'>et</span> <span class='ocrx_word' id='word_1_253' title='bbox 676 3580 929 3666; x_wconf 88' lang='lat' dir='ltr'>sapientioribus</span> <span class='ocrx_word' id='word_1_254' title='bbox 941 3583 1117 3647; x_wconf 85' lang='lat' dir='ltr'>comitatus</span> <span class='ocrx_word' id='word_1_255' title='bbox 1131 3583 1181 3647; x_wconf 88' lang='lat' dir='ltr'>tui</span> <span class='ocrx_word' id='word_1_256' title='bbox 1194 3585 1233 3648; x_wconf 90' lang='lat' dir='ltr'>ad</span> <span class='ocrx_word' id='word_1_257' title='bbox 1245 3607 1307 3650; x_wconf 89' lang='lat' dir='ltr'>nos</span> <span class='ocrx_word' id='word_1_258' title='bbox 1318 3607 1378 3670; x_wconf 92' lang='lat' dir='ltr'>pro</span> <span class='ocrx_word' id='word_1_259' title='bbox 1388 3596 1459 3651; x_wconf 85' lang='lat' dir='ltr'>toto</span> <span class='ocrx_word' id='word_1_260' title='bbox 1471 3587 1633 3654; x_wconf 89' lang='lat' dir='ltr'>comitatu</span> 
     </span>
     <span class='ocr_line' id='line_1_32' title="bbox 419 3681 1635 3771; baseline 0.008 -24"><span class='ocrx_word' id='word_1_261' title='bbox 419 3692 477 3747; x_wconf 89' lang='lat' dir='ltr'>tuo</span> <span class='ocrx_word' id='word_1_262' title='bbox 486 3693 654 3761; x_wconf 87' lang='lat' dir='ltr'>venturos,</span> <span class='ocrx_word' id='word_1_263' title='bbox 666 3681 712 3746; x_wconf 85' lang='lat' dir='ltr'>ita</span> <span class='ocrx_word' id='word_1_264' title='bbox 723 3683 812 3768; x_wconf 92' lang='lat' dir='ltr'>quod</span> <span class='ocrx_word' id='word_1_265' title='bbox 822 3681 889 3746; x_wconf 90' lang='lat' dir='ltr'>sint</span> <span class='ocrx_word' id='word_1_266' title='bbox 898 3683 940 3746; x_wconf 92' lang='lat' dir='ltr'>ad</span> <span class='ocrx_word' id='word_1_267' title='bbox 954 3705 1017 3748; x_wconf 90' lang='lat' dir='ltr'>nos</span> <span class='ocrx_word' id='word_1_268' title='bbox 1032 3684 1119 3769; x_wconf 88' lang='lat' dir='ltr'>apud</span> <span class='ocrx_word' id='word_1_269' title='bbox 1132 3683 1310 3771; x_wconf 79' lang='lat' dir='ltr'>Sallopiam</span> <span class='ocrx_word' id='word_1_270' title='bbox 1325 3687 1359 3751; x_wconf 93' lang='lat' dir='ltr'>in</span> <span class='ocrx_word' id='word_1_271' title='bbox 1375 3688 1519 3754; x_wconf 87' lang='lat' dir='ltr'>crastino</span> <span class='ocrx_word' id='word_1_272' title='bbox 1529 3693 1635 3758; x_wconf 87' lang='lat' dir='ltr'>sancti</span> 
     </span>
     <span class='ocr_line' id='line_1_33' title="bbox 420 3781 1633 3869; baseline 0.011 -20"><span class='ocrx_word' id='word_1_273' title='bbox 420 3783 595 3850; x_wconf 89' lang='lat' dir='ltr'>Michaelis</span> <span class='ocrx_word' id='word_1_274' title='bbox 609 3781 782 3850; x_wconf 91' lang='lat' dir='ltr'>nobiscum</span> <span class='ocrx_word' id='word_1_275' title='bbox 797 3805 896 3869; x_wconf 90' lang='lat' dir='ltr'>super</span> <span class='ocrx_word' id='word_1_276' title='bbox 909 3785 974 3849; x_wconf 91' lang='lat' dir='ltr'>hiis</span> <span class='ocrx_word' id='word_1_277' title='bbox 985 3795 1019 3850; x_wconf 90' lang='lat' dir='ltr'>et</span> <span class='ocrx_word' id='word_1_278' title='bbox 1029 3787 1101 3852; x_wconf 92' lang='lat' dir='ltr'>aliis</span> <span class='ocrx_word' id='word_1_279' title='bbox 1114 3787 1266 3852; x_wconf 88' lang='lat' dir='ltr'>locuturi.</span> <span class='ocrx_word' id='word_1_280' title='bbox 1313 3791 1360 3856; x_wconf 89' lang='lat' dir='ltr'>Et</span> <span class='ocrx_word' id='word_1_281' title='bbox 1369 3791 1433 3857; x_wconf 90' lang='lat' dir='ltr'>hoc</span> <span class='ocrx_word' id='word_1_282' title='bbox 1445 3793 1633 3862; x_wconf 85' lang='lat' dir='ltr'>nullatenus</span> 
     </span>
     <span class='ocr_line' id='line_1_34' title="bbox 421 3881 1635 3978; baseline 0.012 -28"><span class='ocrx_word' id='word_1_283' title='bbox 421 3881 566 3950; x_wconf 90' lang='lat' dir='ltr'>omittas.</span> <span class='ocrx_word' id='word_1_284' title='bbox 609 3885 708 3951; x_wconf 83' lang='lat' dir='ltr'>Teste</span> <span class='ocrx_word' id='word_1_285' title='bbox 724 3885 850 3972; x_wconf 89' lang='lat' dir='ltr'>meipso</span> <span class='ocrx_word' id='word_1_286' title='bbox 873 3889 960 3973; x_wconf 90' lang='lat' dir='ltr'>apud</span> <span class='ocrx_word' id='word_1_287' title='bbox 984 3888 1160 3969; x_wconf 85' lang='lat' dir='ltr'>Rothelan,</span> <span class='ocrx_word' id='word_1_288' title='bbox 1176 3891 1288 3958; x_wconf 84' lang='lat' dir='ltr'>xxviii.</span> <span class='ocrx_word' id='word_1_289' title='bbox 1304 3891 1357 3960; x_wconf 94' lang='lat' dir='ltr'>die</span> <span class='ocrx_word' id='word_1_290' title='bbox 1372 3893 1532 3978; x_wconf 90' lang='lat' dir='ltr'>Januarii,</span> <span class='ocrx_word' id='word_1_291' title='bbox 1547 3921 1635 3965; x_wconf 89' lang='lat' dir='ltr'>anno</span> 
     </span>
     <span class='ocr_line' id='line_1_35' title="bbox 422 3985 705 4071; baseline 0.007 -21"><span class='ocrx_word' id='word_1_292' title='bbox 422 3985 513 4071; x_wconf 86' lang='lat' dir='ltr'>regni</span> <span class='ocrx_word' id='word_1_293' title='bbox 528 3986 633 4053; x_wconf 91' lang='lat' dir='ltr'>nostri</span> <span class='ocrx_word' id='word_1_294' title='bbox 648 3986 705 4052; x_wconf 80' lang='lat' dir='ltr'>xi0.</span> 
     </span>
    </p>

    <p class='ocr_par' dir='ltr' id='par_1_8' title="bbox 468 4086 1638 4191">
     <span class='ocr_line' id='line_1_36' title="bbox 468 4086 1638 4191; baseline 0.015 -37"><span class='ocrx_word' id='word_1_295' title='bbox 468 4086 533 4154; x_wconf 88' lang='lat' dir='ltr'>Die</span> <span class='ocrx_word' id='word_1_296' title='bbox 548 4089 683 4156; x_wconf 87' lang='lat' dir='ltr'>Sabbati</span> <span class='ocrx_word' id='word_1_297' title='bbox 698 4091 849 4176; x_wconf 85' lang='lat' dir='ltr'>proxima</span> <span class='ocrx_word' id='word_1_298' title='bbox 1043 4097 1318 4165; x_wconf 87' lang='lat' dir='ltr'>convenientibus</span> <span class='ocrx_word' id='word_1_299' title='bbox 1333 4101 1368 4166; x_wconf 94' lang='lat' dir='ltr'>in</span> <span class='ocrx_word' id='word_1_300' title='bbox 1384 4125 1489 4167; x_wconf 88' lang='lat' dir='ltr'>unum</span> <span class='ocrx_word' id='word_1_301' title='bbox 1505 4127 1638 4191; x_wconf 87' lang='lat' dir='ltr'>magna·</span> 
     </span>
    </p>
   </div>
   <div class='ocr_carea' id='block_1_8' title="bbox 0 0 2001 5022">
    <p class='ocr_par' dir='ltr' id='par_1_9' title="bbox 0 0 2001 5022">
     <span class='ocr_line' id='line_1_37' title="bbox 0 0 2001 5022; baseline 0 0"><span class='ocrx_word' id='word_1_302' title='bbox 0 0 2001 5022; x_wconf 95' lang='lat' dir='ltr'> </span> 
     </span>
    </p>
   </div>
  </div>
 </body>
</html>
