<?xml version="1.0" encoding="UTF-8"?>
<!DOCTYPE html PUBLIC "-//W3C//DTD XHTML 1.0 Transitional//EN"
    "http://www.w3.org/TR/xhtml1/DTD/xhtml1-transitional.dtd">
<html xmlns="http://www.w3.org/1999/xhtml" xml:lang="en" lang="en">
 <head>
  <title>
</title>
<meta http-equiv="Content-Type" content="text/html;charset=utf-8" />
  <meta name='ocr-system' content='tesseract 3.04.00' />
  <meta name='ocr-capabilities' content='ocr_page ocr_carea ocr_par ocr_line ocrx_word'/>
</head>
<body>
  <div class='ocr_page' id='page_1' title='image "./chroniconpetrob01brucgoog_0029.png"; bbox 0 0 3812 5030; ppageno 0'>
   <div class='ocr_carea' id='block_1_1' title="bbox 633 664 1514 727">
    <p class='ocr_par' dir='ltr' id='par_1_1' title="bbox 633 664 1514 727">
     <span class='ocr_line' id='line_1_1' title="bbox 633 664 1514 727; baseline 0.002 -1"><span class='ocrx_word' id='word_1_1' title='bbox 633 678 846 726; x_wconf 81' lang='lat' dir='ltr'><strong>cnncnrcon</strong></span> <span class='ocrx_word' id='word_1_2' title='bbox 864 681 1188 727; x_wconf 78' lang='lat' dir='ltr'><strong>naraonuncnnsn.</strong></span> <span class='ocrx_word' id='word_1_3' title='bbox 1494 664 1514 721; x_wconf 89' lang='grc'>9</span> 
     </span>
    </p>
   </div>
   <div class='ocr_carea' id='block_1_2' title="bbox 173 827 1596 1431">
    <p class='ocr_par' dir='ltr' id='par_1_2' title="bbox 315 827 1596 998">
     <span class='ocr_line' id='line_1_2' title="bbox 315 827 1596 899; baseline -0.001 -5"><span class='ocrx_word' id='word_1_4' title='bbox 315 829 540 896; x_wconf 86' lang='lat' dir='ltr'><strong>tamdecimam</strong></span> <span class='ocrx_word' id='word_1_5' title='bbox 570 831 721 896; x_wconf 90' lang='lat' dir='ltr'><strong>dominus</strong></span> <span class='ocrx_word' id='word_1_6' title='bbox 752 834 823 898; x_wconf 77' lang='lat' dir='ltr'><strong>Rex</strong></span> <span class='ocrx_word' id='word_1_7' title='bbox 852 835 1012 899; x_wconf 81' lang='lat' dir='ltr'><strong>concessit</strong></span> <span class='ocrx_word' id='word_1_8' title='bbox 1040 834 1204 899; x_wconf 80' lang='lat' dir='ltr'>libertates</span> <span class='ocrx_word' id='word_1_9' title='bbox 1244 832 1277 896; x_wconf 95' lang='lat' dir='ltr'><strong>in</strong></span> <span class='ocrx_word' id='word_1_10' title='bbox 1308 830 1400 895; x_wconf 87' lang='lat' dir='ltr'><strong>brevi</strong></span> <span class='ocrx_word' id='word_1_11' title='bbox 1435 850 1513 894; x_wconf 88' lang='lat' dir='ltr'><strong>con·</strong></span> <span class='ocrx_word' id='word_1_12' title='bbox 1591 827 1596 838; x_wconf 90' lang='lat'>&#39;</span> 
     </span>
     <span class='ocr_line' id='line_1_3' title="bbox 315 939 432 998; baseline 0.017 -2"><span class='ocrx_word' id='word_1_13' title='bbox 315 939 432 998; x_wconf 87' lang='lat' dir='ltr'><strong>tentas.</strong></span> 
     </span>
    </p>

    <p class='ocr_par' dir='ltr' id='par_1_3' title="bbox 187 1037 1512 1208">
     <span class='ocr_line' id='line_1_4' title="bbox 187 1037 1512 1127; baseline 0.001 -26"><span class='ocrx_word' id='word_1_14' title='bbox 187 1038 299 1089; x_wconf 77' lang='lat' dir='ltr'><strong>Masxxv.</strong></span> <span class='ocrx_word' id='word_1_15' title='bbox 358 1037 452 1102; x_wconf 84' lang='lat' dir='ltr'><strong>Obiit</strong></span> <span class='ocrx_word' id='word_1_16' title='bbox 461 1037 484 1104; x_wconf 92' lang='lat' dir='ltr'><strong>J</strong></span> <span class='ocrx_word' id='word_1_17' title='bbox 486 1039 630 1104; x_wconf 90' lang='lat' dir='ltr'><strong>ohannes</strong></span> <span class='ocrx_word' id='word_1_18' title='bbox 642 1039 988 1127; x_wconf 84' lang='lat' dir='ltr'><strong>Eliensis&#39;episccpus;</strong></span> <span class='ocrx_word' id='word_1_19' title='bbox 1005 1041 1159 1107; x_wconf 89' lang='lat' dir='ltr'><strong>successit</strong></span> <span class='ocrx_word' id='word_1_20' title='bbox 1172 1039 1337 1106; x_wconf 87' lang='lat' dir='ltr'><strong>Galfridus</strong></span> <span class='ocrx_word' id='word_1_21' title='bbox 1350 1039 1390 1103; x_wconf 90' lang='lat' dir='ltr'><strong>de</strong></span> <span class='ocrx_word' id='word_1_22' title='bbox 1402 1039 1512 1122; x_wconf 91' lang='lat' dir='ltr'><strong>Burgo</strong></span> 
     </span>
     <span class='ocr_line' id='line_1_5' title="bbox 313 1140 798 1208; baseline 0.008 -6"><span class='ocrx_word' id='word_1_23' title='bbox 313 1140 555 1206; x_wconf 81' lang='lat' dir='ltr'><strong>archidiaconus</strong></span> <span class='ocrx_word' id='word_1_24' title='bbox 571 1142 798 1208; x_wconf 85' lang='lat' dir='ltr'><strong>Norwicensis.</strong></span> 
     </span>
    </p>

    <p class='ocr_par' dir='ltr' id='par_1_4' title="bbox 173 1243 1511 1431">
     <span class='ocr_line' id='line_1_6' title="bbox 173 1243 1510 1333; baseline 0.002 -30"><span class='ocrx_word' id='word_1_25' title='bbox 173 1254 299 1308; x_wconf 76' lang='lat' dir='ltr'><strong>Mcoxxvi.</strong></span> <span class='ocrx_word' id='word_1_26' title='bbox 355 1244 539 1309; x_wconf 83' lang='lat' dir='ltr'><strong>Alexander</strong></span> <span class='ocrx_word' id='word_1_27' title='bbox 560 1243 659 1310; x_wconf 85' lang='lat' dir='ltr'><strong>abbas</strong></span> <span class='ocrx_word' id='word_1_28' title='bbox 675 1246 757 1312; x_wconf 90' lang='lat' dir='ltr'><strong>obiit</strong></span> <span class='ocrx_word' id='word_1_29' title='bbox 770 1247 805 1311; x_wconf 92' lang='lat' dir='ltr'><strong>in</strong></span> <span class='ocrx_word' id='word_1_30' title='bbox 818 1247 927 1333; x_wconf 85' lang='lat' dir='ltr'><strong>vigilia</strong></span> <span class='ocrx_word' id='word_1_31' title='bbox 941 1247 1044 1312; x_wconf 89' lang='lat' dir='ltr'><strong>sancti</strong></span> <span class='ocrx_word' id='word_1_32' title='bbox 1060 1246 1258 1326; x_wconf 87' lang='lat' dir='ltr'><strong>Eadmundi,</strong></span> <span class='ocrx_word' id='word_1_33' title='bbox 1273 1245 1354 1311; x_wconf 93' lang='lat' dir='ltr'><strong>etin</strong></span> <span class='ocrx_word' id='word_1_34' title='bbox 1370 1244 1510 1309; x_wconf 86' lang='lat' dir='ltr'><strong>crastino</strong></span> 
     </span>
     <span class='ocr_line' id='line_1_7' title="bbox 312 1345 1511 1431; baseline 0.001 -23"><span class='ocrx_word' id='word_1_35' title='bbox 312 1345 468 1431; x_wconf 88' lang='lat' dir='ltr'><strong>sepultus.</strong></span> <span class='ocrx_word' id='word_1_36' title='bbox 514 1347 678 1413; x_wconf 87' lang='lat' dir='ltr'><strong>Martinus</strong></span> <span class='ocrx_word' id='word_1_37' title='bbox 694 1350 734 1413; x_wconf 90' lang='lat' dir='ltr'><strong>de</strong></span> <span class='ocrx_word' id='word_1_38' title='bbox 750 1351 919 1415; x_wconf 87' lang='lat' dir='ltr'><strong>Ramescia</strong></span> <span class='ocrx_word' id='word_1_39' title='bbox 941 1351 1061 1416; x_wconf 89' lang='lat' dir='ltr'><strong>electus</strong></span> <span class='ocrx_word' id='word_1_40' title='bbox 1076 1351 1144 1414; x_wconf 69' lang='lat' dir='ltr'><strong>iiiia</strong></span> <span class='ocrx_word' id='word_1_41' title='bbox 1159 1371 1237 1415; x_wconf 90' lang='lat' dir='ltr'><strong>non.</strong></span> <span class='ocrx_word' id='word_1_42' title='bbox 1252 1347 1454 1425; x_wconf 85' lang='lat' dir='ltr'><strong>Decembris,</strong></span> <span class='ocrx_word' id='word_1_43' title='bbox 1477 1354 1511 1410; x_wconf 94' lang='lat' dir='ltr'><strong>et</strong></span> 
     </span>
    </p>
   </div>
   <div class='ocr_carea' id='block_1_3' title="bbox 309 1446 1510 1636">
    <p class='ocr_par' dir='ltr' id='par_1_5' title="bbox 309 1446 1510 1636">
     <span class='ocr_line' id='line_1_8' title="bbox 309 1446 1510 1536; baseline 0.002 -25"><span class='ocrx_word' id='word_1_44' title='bbox 309 1446 345 1511; x_wconf 91' lang='lat' dir='ltr'><strong>in</strong></span> <span class='ocrx_word' id='word_1_45' title='bbox 370 1449 493 1513; x_wconf 92' lang='lat' dir='ltr'><strong>octavis</strong></span> <span class='ocrx_word' id='word_1_46' title='bbox 517 1450 620 1514; x_wconf 89' lang='lat' dir='ltr'><strong>sancti</strong></span> <span class='ocrx_word' id='word_1_47' title='bbox 641 1450 771 1516; x_wconf 88' lang='lat' dir='ltr'><strong>Andree</strong></span> <span class='ocrx_word' id='word_1_48' title='bbox 793 1475 813 1515; x_wconf 89' lang='lat' dir='ltr'><strong>a</strong></span> <span class='ocrx_word' id='word_1_49' title='bbox 835 1453 968 1516; x_wconf 90' lang='lat' dir='ltr'><strong>domino</strong></span> <span class='ocrx_word' id='word_1_50' title='bbox 991 1455 1079 1536; x_wconf 83' lang='lat' dir='ltr'><strong>Rege</strong></span> <span class='ocrx_word' id='word_1_51' title='bbox 1103 1452 1248 1516; x_wconf 86' lang='lat' dir='ltr'><strong>Henrico</strong></span> <span class='ocrx_word' id='word_1_52' title='bbox 1263 1453 1330 1516; x_wconf 91' lang='lat' dir='ltr'><strong>filio</strong></span> <span class='ocrx_word' id='word_1_53' title='bbox 1351 1450 1434 1535; x_wconf 90' lang='lat' dir='ltr'><strong>regis</strong></span> <span class='ocrx_word' id='word_1_54' title='bbox 1449 1449 1510 1515; x_wconf 85' lang='lat' dir='ltr'><strong>Jo-</strong></span> 
     </span>
     <span class='ocr_line' id='line_1_9' title="bbox 309 1548 1510 1636; baseline 0.001 -24"><span class='ocrx_word' id='word_1_55' title='bbox 309 1548 427 1613; x_wconf 87' lang='lat' dir='ltr'><strong>hannis</strong></span> <span class='ocrx_word' id='word_1_56' title='bbox 441 1559 602 1634; x_wconf 89' lang='lat' dir='ltr'><strong>receptus,</strong></span> <span class='ocrx_word' id='word_1_57' title='bbox 618 1560 652 1615; x_wconf 92' lang='lat' dir='ltr'><strong>ct</strong></span> <span class='ocrx_word' id='word_1_58' title='bbox 665 1551 780 1614; x_wconf 86' lang='lat' dir='ltr'><strong>eodem</strong></span> <span class='ocrx_word' id='word_1_59' title='bbox 801 1552 852 1614; x_wconf 93' lang='lat' dir='ltr'><strong>die</strong></span> <span class='ocrx_word' id='word_1_60' title='bbox 878 1550 919 1615; x_wconf 89' lang='lat' dir='ltr'><strong>ab</strong></span> <span class='ocrx_word' id='word_1_61' title='bbox 944 1552 1098 1636; x_wconf 88' lang='lat' dir='ltr'><strong>episcopo</strong></span> <span class='ocrx_word' id='word_1_62' title='bbox 1114 1551 1284 1615; x_wconf 89' lang='lat' dir='ltr'><strong>Lincolnie</strong></span> <span class='ocrx_word' id='word_1_63' title='bbox 1301 1551 1443 1635; x_wconf 86' lang='lat' dir='ltr'><strong>Hugonc</strong></span> <span class='ocrx_word' id='word_1_64' title='bbox 1459 1571 1510 1613; x_wconf 90' lang='lat' dir='ltr'><strong>se-</strong></span> 
     </span>
    </p>
   </div>
   <div class='ocr_carea' id='block_1_4' title="bbox 81 1652 1563 4291">
    <p class='ocr_par' dir='ltr' id='par_1_6' title="bbox 307 1652 1510 2149">
     <span class='ocr_line' id='line_1_10' title="bbox 309 1652 1510 1738; baseline 0.002 -24"><span class='ocrx_word' id='word_1_65' title='bbox 309 1652 428 1731; x_wconf 90' lang='lat' dir='ltr'><strong>cundo,</strong></span> <span class='ocrx_word' id='word_1_66' title='bbox 450 1655 641 1718; x_wconf 86' lang='lat' dir='ltr'><strong>examinatis</strong></span> <span class='ocrx_word' id='word_1_67' title='bbox 655 1653 762 1738; x_wconf 90' lang='lat' dir='ltr'><strong>priore</strong></span> <span class='ocrx_word' id='word_1_68' title='bbox 777 1663 811 1718; x_wconf 92' lang='lat' dir='ltr'><strong>et</strong></span> <span class='ocrx_word' id='word_1_69' title='bbox 825 1653 895 1717; x_wconf 89' lang='lat' dir='ltr'><strong>aliis</strong></span> <span class='ocrx_word' id='word_1_70' title='bbox 910 1653 1015 1718; x_wconf 88' lang='lat' dir='ltr'><strong>tribus</strong></span> <span class='ocrx_word' id='word_1_71' title='bbox 1031 1654 1210 1733; x_wconf 89' lang='lat' dir='ltr'><strong>monachis,</strong></span> <span class='ocrx_word' id='word_1_72' title='bbox 1234 1654 1443 1718; x_wconf 89' lang='lat' dir='ltr'><strong>confirmatus</strong></span> <span class='ocrx_word' id='word_1_73' title='bbox 1458 1662 1510 1717; x_wconf 92' lang='lat' dir='ltr'><strong>est</strong></span> 
     </span>
     <span class='ocr_line' id='line_1_11' title="bbox 308 1751 1510 1840; baseline 0 -24"><span class='ocrx_word' id='word_1_74' title='bbox 308 1751 343 1816; x_wconf 92' lang='lat' dir='ltr'><strong>in</strong></span> <span class='ocrx_word' id='word_1_75' title='bbox 359 1754 480 1838; x_wconf 89' lang='lat' dir='ltr'><strong>capella</strong></span> <span class='ocrx_word' id='word_1_76' title='bbox 494 1763 604 1818; x_wconf 88' lang='lat' dir='ltr'><strong>sancte</strong></span> <span class='ocrx_word' id='word_1_77' title='bbox 619 1754 774 1818; x_wconf 90' lang='lat' dir='ltr'><strong>Katerine</strong></span> <span class='ocrx_word' id='word_1_78' title='bbox 789 1755 875 1840; x_wconf 91' lang='lat' dir='ltr'><strong>apud</strong></span> <span class='ocrx_word' id='word_1_79' title='bbox 891 1754 1230 1834; x_wconf 80' lang='lat' dir='ltr'><strong>westmonasterium,</strong></span> <span class='ocrx_word' id='word_1_80' title='bbox 1240 1765 1274 1820; x_wconf 88' lang='lat' dir='ltr'><strong>ct</strong></span> <span class='ocrx_word' id='word_1_81' title='bbox 1287 1755 1322 1818; x_wconf 95' lang='lat' dir='ltr'><strong>in</strong></span> <span class='ocrx_word' id='word_1_82' title='bbox 1338 1753 1390 1818; x_wconf 89' lang='lat' dir='ltr'><strong>die</strong></span> <span class='ocrx_word' id='word_1_83' title='bbox 1406 1752 1510 1817; x_wconf 89' lang='lat' dir='ltr'><strong>sancti</strong></span> 
     </span>
     <span class='ocr_line' id='line_1_12' title="bbox 309 1855 1508 1944; baseline 0.002 -25"><span class='ocrx_word' id='word_1_84' title='bbox 309 1855 471 1920; x_wconf 89' lang='lat' dir='ltr'><strong>Johannis</strong></span> <span class='ocrx_word' id='word_1_85' title='bbox 494 1857 695 1941; x_wconf 84' lang='lat' dir='ltr'><strong>ewangeliste</strong></span> <span class='ocrx_word' id='word_1_86' title='bbox 718 1858 804 1944; x_wconf 90' lang='lat' dir='ltr'><strong>apud</strong></span> <span class='ocrx_word' id='word_1_87' title='bbox 823 1858 990 1944; x_wconf 82' lang='lat' dir='ltr'><strong>&#39;lingbirst</strong></span> <span class='ocrx_word' id='word_1_88' title='bbox 1004 1858 1045 1923; x_wconf 88' lang='lat' dir='ltr'><strong>ab</strong></span> <span class='ocrx_word' id='word_1_89' title='bbox 1060 1861 1174 1924; x_wconf 90' lang='lat' dir='ltr'><strong>eodem</strong></span> <span class='ocrx_word' id='word_1_90' title='bbox 1190 1859 1343 1944; x_wconf 90' lang='lat' dir='ltr'><strong>episcopo</strong></span> <span class='ocrx_word' id='word_1_91' title='bbox 1358 1857 1508 1921; x_wconf 91' lang='lat' dir='ltr'><strong>benedic·</strong></span> 
     </span>
     <span class='ocr_line' id='line_1_13' title="bbox 308 1959 1507 2045; baseline 0 -22"><span class='ocrx_word' id='word_1_92' title='bbox 308 1959 430 2024; x_wconf 88' lang='lat' dir='ltr'><strong>tionem</strong></span> <span class='ocrx_word' id='word_1_93' title='bbox 447 1981 539 2023; x_wconf 88' lang='lat' dir='ltr'><strong>suam</strong></span> <span class='ocrx_word' id='word_1_94' title='bbox 555 1968 748 2024; x_wconf 84' lang='lat' dir='ltr'><strong>consecutus</strong></span> <span class='ocrx_word' id='word_1_95' title='bbox 763 1969 823 2040; x_wconf 90' lang='lat' dir='ltr'><strong>est,</strong></span> <span class='ocrx_word' id='word_1_96' title='bbox 838 1970 872 2025; x_wconf 89' lang='lat' dir='ltr'><strong>ct</strong></span> <span class='ocrx_word' id='word_1_97' title='bbox 887 1962 939 2042; x_wconf 81' lang='lat' dir='ltr'><strong>die</strong></span> <span class='ocrx_word' id='word_1_98' title='bbox 954 1961 1127 2027; x_wconf 89' lang='lat' dir='ltr'><strong>Dominica</strong></span> <span class='ocrx_word' id='word_1_99' title='bbox 1150 1962 1234 2026; x_wconf 82' lang='lat' dir='ltr'><strong>inira</strong></span> <span class='ocrx_word' id='word_1_100' title='bbox 1257 1959 1387 2027; x_wconf 87' lang='lat' dir='ltr'><strong>octabas</strong></span> <span class='ocrx_word' id='word_1_101' title='bbox 1403 1959 1507 2045; x_wconf 84' lang='lat' dir='ltr'><strong>Ephi-</strong></span> 
     </span>
     <span class='ocr_line' id='line_1_14' title="bbox 307 2061 897 2149; baseline 0.007 -23"><span class='ocrx_word' id='word_1_102' title='bbox 307 2061 393 2127; x_wconf 81' lang='lat' dir='ltr'><strong>ianie</strong></span> <span class='ocrx_word' id='word_1_103' title='bbox 408 2063 495 2148; x_wconf 92' lang='lat' dir='ltr'><strong>apud</strong></span> <span class='ocrx_word' id='word_1_104' title='bbox 511 2063 657 2148; x_wconf 82' lang='lat' dir='ltr'><strong>Burgum</strong></span> <span class='ocrx_word' id='word_1_105' title='bbox 672 2073 821 2149; x_wconf 89' lang='lat' dir='ltr'><strong>receptus</strong></span> <span class='ocrx_word' id='word_1_106' title='bbox 837 2075 897 2130; x_wconf 87' lang='lat' dir='ltr'><strong>est.</strong></span> 
     </span>
    </p>

    <p class='ocr_par' dir='ltr' id='par_1_7' title="bbox 160 2163 1563 3996">
     <span class='ocr_line' id='line_1_15' title="bbox 160 2163 1513 2250; baseline 0.002 -21"><span class='ocrx_word' id='word_1_107' title='bbox 160 2163 293 2214; x_wconf 72' lang='lat' dir='ltr'><strong>Moexxvit</strong></span> <span class='ocrx_word' id='word_1_108' title='bbox 353 2165 427 2230; x_wconf 92' lang='lat' dir='ltr'><strong>Hoc</strong></span> <span class='ocrx_word' id='word_1_109' title='bbox 450 2187 536 2230; x_wconf 93' lang='lat' dir='ltr'><strong>anno</strong></span> <span class='ocrx_word' id='word_1_110' title='bbox 560 2165 690 2250; x_wconf 88' lang='lat' dir='ltr'><strong>pacavit</strong></span> <span class='ocrx_word' id='word_1_111' title='bbox 710 2165 751 2229; x_wconf 89' lang='lat' dir='ltr'><strong>ad</strong></span> <span class='ocrx_word' id='word_1_112' title='bbox 772 2167 975 2232; x_wconf 86' lang='lat' dir='ltr'><strong>Scaccarium</strong></span> <span class='ocrx_word' id='word_1_113' title='bbox 997 2169 1038 2234; x_wconf 91' lang='lat' dir='ltr'><strong>de</strong></span> <span class='ocrx_word' id='word_1_114' title='bbox 1060 2168 1170 2234; x_wconf 89' lang='lat' dir='ltr'><strong>debito</strong></span> <span class='ocrx_word' id='word_1_115' title='bbox 1191 2169 1314 2234; x_wconf 91' lang='lat' dir='ltr'><strong>domini</strong></span> <span class='ocrx_word' id='word_1_116' title='bbox 1332 2168 1513 2233; x_wconf 84' lang='lat' dir='ltr'><strong>Alexandri·</strong></span> 
     </span>
     <span class='ocr_line' id='line_1_16' title="bbox 306 2267 1505 2358; baseline 0.004 -26"><span class='ocrx_word' id='word_1_117' title='bbox 306 2267 432 2333; x_wconf 88' lang='lat' dir='ltr'><strong>abbatis</strong></span> <span class='ocrx_word' id='word_1_118' title='bbox 461 2291 521 2354; x_wconf 92' lang='lat' dir='ltr'><strong>pro</strong></span> <span class='ocrx_word' id='word_1_119' title='bbox 550 2269 829 2334; x_wconf 84' lang='lat' dir='ltr'><strong>disaiorestatione</strong></span> <span class='ocrx_word' id='word_1_120' title='bbox 866 2270 1068 2356; x_wconf 86' lang='lat' dir='ltr'><strong>Nassiburgi,</strong></span> <span class='ocrx_word' id='word_1_121' title='bbox 1105 2273 1337 2358; x_wconf 85' lang='lat' dir='ltr'><strong>quinquaginta</strong></span> <span class='ocrx_word' id='word_1_122' title='bbox 1371 2295 1505 2337; x_wconf 88' lang='lat' dir='ltr'><strong>marcas.</strong></span> 
     </span>
     <span class='ocr_line' id='line_1_17' title="bbox 306 2370 1507 2456; baseline 0.002 -22"><span class='ocrx_word' id='word_1_123' title='bbox 306 2370 433 2435; x_wconf 89' lang='lat' dir='ltr'><strong>Eodem</strong></span> <span class='ocrx_word' id='word_1_124' title='bbox 459 2393 545 2435; x_wconf 90' lang='lat' dir='ltr'><strong>anno</strong></span> <span class='ocrx_word' id='word_1_125' title='bbox 571 2370 653 2435; x_wconf 93' lang='lat' dir='ltr'><strong>obiit</strong></span> <span class='ocrx_word' id='word_1_126' title='bbox 677 2370 873 2435; x_wconf 87' lang='lat' dir='ltr'><strong>Benedictus</strong></span> <span class='ocrx_word' id='word_1_127' title='bbox 898 2371 1070 2456; x_wconf 84' lang='lat' dir='ltr'><strong>episcopus</strong></span> <span class='ocrx_word' id='word_1_128' title='bbox 1095 2373 1269 2454; x_wconf 87' lang='lat' dir='ltr'><strong>Roffensis,</strong></span> <span class='ocrx_word' id='word_1_129' title='bbox 1293 2383 1327 2438; x_wconf 87' lang='lat' dir='ltr'><strong>et</strong></span> <span class='ocrx_word' id='word_1_130' title='bbox 1351 2375 1507 2437; x_wconf 87' lang='lat' dir='ltr'><strong>successit</strong></span> 
     </span>
     <span class='ocr_line' id='line_1_18' title="bbox 307 2473 1505 2562; baseline 0.002 -24"><span class='ocrx_word' id='word_1_131' title='bbox 307 2474 470 2539; x_wconf 88' lang='lat' dir='ltr'><strong>Henricus</strong></span> <span class='ocrx_word' id='word_1_132' title='bbox 494 2475 534 2538; x_wconf 91' lang='lat' dir='ltr'><strong>de</strong></span> <span class='ocrx_word' id='word_1_133' title='bbox 561 2474 700 2539; x_wconf 86' lang='lat' dir='ltr'><strong>Saniord</strong></span> <span class='ocrx_word' id='word_1_134' title='bbox 729 2473 973 2539; x_wconf 86' lang='lat' dir='ltr'><strong>archidiaconus</strong></span> <span class='ocrx_word' id='word_1_135' title='bbox 997 2474 1182 2556; x_wconf 86' lang='lat' dir='ltr'><strong>Cantuarie,</strong></span> <span class='ocrx_word' id='word_1_136' title='bbox 1213 2477 1269 2562; x_wconf 93' lang='lat' dir='ltr'><strong>qui</strong></span> <span class='ocrx_word' id='word_1_137' title='bbox 1299 2485 1505 2542; x_wconf 87' lang='lat' dir='ltr'><strong>consecratus</strong></span> 
     </span>
     <span class='ocr_line' id='line_1_19' title="bbox 304 2575 1505 2666; baseline 0.002 -24"><span class='ocrx_word' id='word_1_138' title='bbox 304 2578 412 2642; x_wconf 89' lang='lat' dir='ltr'><strong>estin</strong></span> <span class='ocrx_word' id='word_1_139' title='bbox 436 2577 557 2662; x_wconf 89' lang='lat' dir='ltr'><strong>capella</strong></span> <span class='ocrx_word' id='word_1_140' title='bbox 582 2577 706 2642; x_wconf 89' lang='lat' dir='ltr'><strong>domini</strong></span> <span class='ocrx_word' id='word_1_141' title='bbox 727 2577 886 2662; x_wconf 82' lang='lat' dir='ltr'><strong>Stephani</strong></span> <span class='ocrx_word' id='word_1_142' title='bbox 906 2575 1262 2666; x_wconf 87' lang='lat' dir='ltr'><strong>Cantuariensis·apud</strong></span> <span class='ocrx_word' id='word_1_143' title='bbox 1287 2579 1505 2657; x_wconf 88' lang='lat' dir='ltr'><strong>Cantuariam,</strong></span> 
     </span>
     <span class='ocr_line' id='line_1_20' title="bbox 302 2669 1539 2766; baseline 0.001 -22"><span class='ocrx_word' id='word_1_144' title='bbox 302 2688 436 2765; x_wconf 86' lang='lat' dir='ltr'><strong>propter</strong></span> <span class='ocrx_word' id='word_1_145' title='bbox 450 2679 700 2746; x_wconf 87' lang='lat' dir='ltr'><strong>controversiam</strong></span> <span class='ocrx_word' id='word_1_146' title='bbox 717 2701 779 2766; x_wconf 91' lang='lat' dir='ltr'><strong>que</strong></span> <span class='ocrx_word' id='word_1_147' title='bbox 793 2681 856 2744; x_wconf 91' lang='lat' dir='ltr'><strong>fuit</strong></span> <span class='ocrx_word' id='word_1_148' title='bbox 869 2681 955 2745; x_wconf 89' lang='lat' dir='ltr'><strong>inter</strong></span> <span class='ocrx_word' id='word_1_149' title='bbox 970 2682 1147 2747; x_wconf 90' lang='lat' dir='ltr'><strong>monachos</strong></span> <span class='ocrx_word' id='word_1_150' title='bbox 1164 2681 1338 2747; x_wconf 76' lang='lat' dir='ltr'><strong>cantuarie</strong></span> <span class='ocrx_word' id='word_1_151' title='bbox 1360 2691 1394 2747; x_wconf 94' lang='lat' dir='ltr'><strong>et</strong></span> <span class='ocrx_word' id='word_1_152' title='bbox 1417 2684 1504 2746; x_wconf 84' lang='lat' dir='ltr'><strong>Rou—</strong></span> <span class='ocrx_word' id='word_1_153' title='bbox 1531 2669 1539 2683; x_wconf 81' lang='grc'><strong>’</strong></span> 
     </span>
     <span class='ocr_line' id='line_1_21' title="bbox 301 2782 1502 2870; baseline 0.001 -23"><span class='ocrx_word' id='word_1_154' title='bbox 301 2784 426 2864; x_wconf 90' lang='lat' dir='ltr'><strong>cestrie,</strong></span> <span class='ocrx_word' id='word_1_155' title='bbox 450 2806 547 2870; x_wconf 91' lang='lat' dir='ltr'><strong>super</strong></span> <span class='ocrx_word' id='word_1_156' title='bbox 568 2782 683 2848; x_wconf 91' lang='lat' dir='ltr'><strong>baculo</strong></span> <span class='ocrx_word' id='word_1_157' title='bbox 705 2783 860 2868; x_wconf 88' lang='lat' dir='ltr'><strong>pastorali</strong></span> <span class='ocrx_word' id='word_1_158' title='bbox 882 2784 1046 2849; x_wconf 86' lang='lat' dir='ltr'><strong>Rcffensis</strong></span> <span class='ocrx_word' id='word_1_159' title='bbox 1070 2785 1215 2850; x_wconf 91' lang='lat' dir='ltr'><strong>ecclesie.</strong></span> <span class='ocrx_word' id='word_1_160' title='bbox 1258 2785 1387 2850; x_wconf 88' lang='lat' dir='ltr'><strong>Eodem</strong></span> <span class='ocrx_word' id='word_1_161' title='bbox 1416 2807 1502 2849; x_wconf 90' lang='lat' dir='ltr'><strong>anno</strong></span> 
     </span>
     <span class='ocr_line' id='line_1_22' title="bbox 299 2873 1563 2973; baseline 0.005 -26"><span class='ocrx_word' id='word_1_162' title='bbox 299 2885 376 2950; x_wconf 79' lang='lat' dir='ltr'><strong>iecit</strong></span> <span class='ocrx_word' id='word_1_163' title='bbox 400 2887 570 2951; x_wconf 60' lang='lat' dir='ltr'><strong>Martinus*</strong></span> <span class='ocrx_word' id='word_1_164' title='bbox 583 2885 685 2950; x_wconf 88' lang='lat' dir='ltr'><strong>abbas</strong></span> <span class='ocrx_word' id='word_1_165' title='bbox 714 2885 896 2951; x_wconf 89' lang='lat' dir='ltr'><strong>confirmari</strong></span> <span class='ocrx_word' id='word_1_166' title='bbox 922 2897 1025 2951; x_wconf 88' lang='lat' dir='ltr'><strong>cartas</strong></span> <span class='ocrx_word' id='word_1_167' title='bbox 1041 2911 1115 2952; x_wconf 90' lang='lat' dir='ltr'><strong>suas</strong></span> <span class='ocrx_word' id='word_1_168' title='bbox 1142 2909 1248 2973; x_wconf 87' lang='lat' dir='ltr'><strong>arege</strong></span> <span class='ocrx_word' id='word_1_169' title='bbox 1265 2888 1420 2968; x_wconf 91' lang='lat' dir='ltr'><strong>Henricc,</strong></span> <span class='ocrx_word' id='word_1_170' title='bbox 1434 2887 1502 2953; x_wconf 91' lang='lat' dir='ltr'><strong>filio</strong></span> <span class='ocrx_word' id='word_1_171' title='bbox 1560 2873 1563 2880; x_wconf 44' lang='lat'><strong>¹</strong></span> 
     </span>
     <span class='ocr_line' id='line_1_23' title="bbox 298 2989 1504 3077; baseline 0.002 -25"><span class='ocrx_word' id='word_1_172' title='bbox 298 2989 382 3072; x_wconf 87' lang='lat' dir='ltr'><strong>regis</strong></span> <span class='ocrx_word' id='word_1_173' title='bbox 397 2989 569 3070; x_wconf 88' lang='lat' dir='ltr'><strong>Johannis,</strong></span> <span class='ocrx_word' id='word_1_174' title='bbox 580 3013 640 3077; x_wconf 91' lang='lat' dir='ltr'><strong>pro</strong></span> <span class='ocrx_word' id='word_1_175' title='bbox 656 2991 780 3056; x_wconf 86' lang='lat' dir='ltr'><strong>sexcies</strong></span> <span class='ocrx_word' id='word_1_176' title='bbox 794 2989 932 3076; x_wconf 85' lang='lat' dir='ltr'><strong>vinginti</strong></span> <span class='ocrx_word' id='word_1_177' title='bbox 956 2991 1071 3056; x_wconf 90' lang='lat' dir='ltr'><strong>marcis</strong></span> <span class='ocrx_word' id='word_1_178' title='bbox 1087 2992 1211 3076; x_wconf 88' lang='lat' dir='ltr'><strong>argenti</strong></span> <span class='ocrx_word' id='word_1_179' title='bbox 1225 2993 1266 3057; x_wconf 92' lang='lat' dir='ltr'><strong>ad</strong></span> <span class='ocrx_word' id='word_1_180' title='bbox 1282 3015 1365 3077; x_wconf 90' lang='lat' dir='ltr'><strong>opus</strong></span> <span class='ocrx_word' id='word_1_181' title='bbox 1380 2992 1504 3056; x_wconf 91' lang='lat' dir='ltr'><strong>domini</strong></span> 
     </span>
     <span class='ocr_line' id='line_1_24' title="bbox 300 3089 1503 3179; baseline 0.002 -26"><span class='ocrx_word' id='word_1_182' title='bbox 300 3089 410 3174; x_wconf 86' lang='lat' dir='ltr'><strong>Regis,</strong></span> <span class='ocrx_word' id='word_1_183' title='bbox 432 3099 465 3154; x_wconf 91' lang='lat' dir='ltr'><strong>et</strong></span> <span class='ocrx_word' id='word_1_184' title='bbox 479 3092 589 3156; x_wconf 86' lang='lat' dir='ltr'><strong>xxviii.</strong></span> <span class='ocrx_word' id='word_1_185' title='bbox 616 3093 733 3157; x_wconf 90' lang='lat' dir='ltr'><strong>marcis</strong></span> <span class='ocrx_word' id='word_1_186' title='bbox 749 3093 790 3156; x_wconf 87' lang='lat' dir='ltr'><strong>ad</strong></span> <span class='ocrx_word' id='word_1_187' title='bbox 806 3114 889 3176; x_wconf 93' lang='lat' dir='ltr'><strong>opus</strong></span> <span class='ocrx_word' id='word_1_188' title='bbox 906 3091 1107 3172; x_wconf 86' lang='lat' dir='ltr'><strong>Canceilarii,</strong></span> <span class='ocrx_word' id='word_1_189' title='bbox 1130 3095 1275 3179; x_wconf 87' lang='lat' dir='ltr'><strong>exceptis</strong></span> <span class='ocrx_word' id='word_1_190' title='bbox 1298 3094 1408 3158; x_wconf 89' lang='lat' dir='ltr'><strong>multis</strong></span> <span class='ocrx_word' id='word_1_191' title='bbox 1433 3094 1503 3156; x_wconf 91' lang='lat' dir='ltr'><strong>aliis</strong></span> 
     </span>
     <span class='ocr_line' id='line_1_25' title="bbox 299 3192 1500 3272; baseline 0.002 -15"><span class='ocrx_word' id='word_1_192' title='bbox 299 3192 404 3258; x_wconf 90' lang='lat' dir='ltr'><strong>donis.</strong></span> <span class='ocrx_word' id='word_1_193' title='bbox 448 3193 576 3257; x_wconf 87' lang='lat' dir='ltr'><strong>Eodem</strong></span> <span class='ocrx_word' id='word_1_194' title='bbox 597 3216 683 3257; x_wconf 89' lang='lat' dir='ltr'><strong>anno</strong></span> <span class='ocrx_word' id='word_1_195' title='bbox 706 3194 788 3258; x_wconf 91' lang='lat' dir='ltr'><strong>obiit</strong></span> <span class='ocrx_word' id='word_1_196' title='bbox 808 3194 947 3257; x_wconf 90' lang='lat' dir='ltr'><strong>Brianus</strong></span> <span class='ocrx_word' id='word_1_197' title='bbox 964 3194 1004 3256; x_wconf 88' lang='lat' dir='ltr'><strong>dc</strong></span> <span class='ocrx_word' id='word_1_198' title='bbox 1023 3195 1054 3256; x_wconf 90' lang='lat' dir='ltr'><strong>la</strong></span> <span class='ocrx_word' id='word_1_199' title='bbox 1069 3195 1173 3272; x_wconf 88' lang='lat' dir='ltr'><strong>Mara,</strong></span> <span class='ocrx_word' id='word_1_200' title='bbox 1196 3204 1230 3258; x_wconf 86' lang='lat' dir='ltr'><strong>et</strong></span> <span class='ocrx_word' id='word_1_201' title='bbox 1252 3195 1402 3258; x_wconf 90' lang='lat' dir='ltr'><strong>dominus</strong></span> <span class='ocrx_word' id='word_1_202' title='bbox 1419 3196 1500 3271; x_wconf 84' lang='lat' dir='ltr'><strong>Rex,</strong></span> 
     </span>
     <span class='ocr_line' id='line_1_26' title="bbox 299 3293 1503 3379; baseline 0 -20"><span class='ocrx_word' id='word_1_203' title='bbox 299 3317 373 3359; x_wconf 90' lang='lat' dir='ltr'><strong>cum</strong></span> <span class='ocrx_word' id='word_1_204' title='bbox 397 3293 548 3358; x_wconf 85' lang='lat' dir='ltr'><strong>transiret</strong></span> <span class='ocrx_word' id='word_1_205' title='bbox 561 3315 620 3378; x_wconf 85' lang='lat' dir='ltr'><strong>per</strong></span> <span class='ocrx_word' id='word_1_206' title='bbox 633 3304 741 3379; x_wconf 89' lang='lat' dir='ltr'><strong>partes</strong></span> <span class='ocrx_word' id='word_1_207' title='bbox 764 3295 835 3358; x_wconf 85' lang='lat' dir='ltr'><strong>illas</strong></span> <span class='ocrx_word' id='word_1_208' title='bbox 850 3315 963 3358; x_wconf 87' lang='lat' dir='ltr'><strong>versus</strong></span> <span class='ocrx_word' id='word_1_209' title='bbox 980 3293 1165 3358; x_wconf 87' lang='lat' dir='ltr'><strong>Eboracum</strong></span> <span class='ocrx_word' id='word_1_210' title='bbox 1187 3303 1262 3358; x_wconf 89' lang='lat' dir='ltr'><strong>ante</strong></span> <span class='ocrx_word' id='word_1_211' title='bbox 1278 3294 1406 3375; x_wconf 84' lang='lat' dir='ltr'><strong>Natale,</strong></span> <span class='ocrx_word' id='word_1_212' title='bbox 1425 3295 1503 3359; x_wconf 88' lang='lat' dir='ltr'><strong>fecit</strong></span> 
     </span>
     <span class='ocr_line' id='line_1_27' title="bbox 299 3395 1503 3482; baseline 0.001 -20"><span class='ocrx_word' id='word_1_213' title='bbox 299 3397 402 3462; x_wconf 84' lang='lat' dir='ltr'><strong>saisiri</strong></span> <span class='ocrx_word' id='word_1_214' title='bbox 424 3398 458 3462; x_wconf 91' lang='lat' dir='ltr'><strong>in</strong></span> <span class='ocrx_word' id='word_1_215' title='bbox 480 3418 614 3460; x_wconf 90' lang='lat' dir='ltr'><strong>manum</strong></span> <span class='ocrx_word' id='word_1_216' title='bbox 637 3419 728 3460; x_wconf 90' lang='lat' dir='ltr'><strong>suam</strong></span> <span class='ocrx_word' id='word_1_217' title='bbox 748 3405 866 3461; x_wconf 88' lang='lat' dir='ltr'><strong>terram</strong></span> <span class='ocrx_word' id='word_1_218' title='bbox 887 3395 1023 3480; x_wconf 88' lang='lat' dir='ltr'><strong>predicti</strong></span> <span class='ocrx_word' id='word_1_219' title='bbox 1047 3396 1170 3476; x_wconf 88' lang='lat' dir='ltr'><strong>Briani,</strong></span> <span class='ocrx_word' id='word_1_220' title='bbox 1201 3397 1276 3482; x_wconf 90' lang='lat' dir='ltr'><strong>quia</strong></span> <span class='ocrx_word' id='word_1_221' title='bbox 1297 3397 1360 3460; x_wconf 83' lang='lat' dir='ltr'><strong>fuit</strong></span> <span class='ocrx_word' id='word_1_222' title='bbox 1382 3397 1503 3463; x_wconf 89' lang='lat' dir='ltr'><strong>foresta</strong></span> 
     </span>
     <span class='ocr_line' id='line_1_28' title="bbox 297 3497 1501 3584; baseline 0.001 -19"><span class='ocrx_word' id='word_1_223' title='bbox 297 3501 426 3566; x_wconf 88' lang='lat' dir='ltr'><strong>marisci</strong></span> <span class='ocrx_word' id='word_1_224' title='bbox 441 3500 482 3564; x_wconf 93' lang='lat' dir='ltr'><strong>de</strong></span> <span class='ocrx_word' id='word_1_225' title='bbox 498 3499 699 3564; x_wconf 88' lang='lat' dir='ltr'><strong>Ketstevene</strong></span> <span class='ocrx_word' id='word_1_226' title='bbox 714 3507 747 3563; x_wconf 91' lang='lat' dir='ltr'><strong>et</strong></span> <span class='ocrx_word' id='word_1_227' title='bbox 767 3498 807 3562; x_wconf 92' lang='lat' dir='ltr'><strong>de</strong></span> <span class='ocrx_word' id='word_1_228' title='bbox 829 3497 1013 3563; x_wconf 89' lang='lat' dir='ltr'><strong>Hoilandia.</strong></span> <span class='ocrx_word' id='word_1_229' title='bbox 1058 3499 1104 3562; x_wconf 86' lang='lat' dir='ltr'><strong>Et</strong></span> <span class='ocrx_word' id='word_1_230' title='bbox 1119 3498 1218 3563; x_wconf 90' lang='lat' dir='ltr'><strong>abbas</strong></span> <span class='ocrx_word' id='word_1_231' title='bbox 1243 3499 1383 3584; x_wconf 86' lang='lat' dir='ltr'><strong>quesivit</strong></span> <span class='ocrx_word' id='word_1_232' title='bbox 1404 3499 1501 3566; x_wconf 83' lang='lat' dir='ltr'><strong>breve</strong></span> 
     </span>
     <span class='ocr_line' id='line_1_29' title="bbox 299 3601 1501 3687; baseline 0 -18"><span class='ocrx_word' id='word_1_233' title='bbox 299 3603 422 3669; x_wconf 90' lang='lat' dir='ltr'><strong>domini</strong></span> <span class='ocrx_word' id='word_1_234' title='bbox 444 3603 543 3687; x_wconf 87' lang='lat' dir='ltr'><strong>Regis</strong></span> <span class='ocrx_word' id='word_1_235' title='bbox 565 3602 606 3666; x_wconf 94' lang='lat' dir='ltr'><strong>ad</strong></span> <span class='ocrx_word' id='word_1_236' title='bbox 630 3602 805 3686; x_wconf 88' lang='lat' dir='ltr'><strong>Hugonem</strong></span> <span class='ocrx_word' id='word_1_237' title='bbox 828 3601 868 3665; x_wconf 91' lang='lat' dir='ltr'><strong>de</strong></span> <span class='ocrx_word' id='word_1_238' title='bbox 891 3601 1019 3666; x_wconf 87' lang='lat' dir='ltr'><strong>chilla</strong></span> <span class='ocrx_word' id='word_1_239' title='bbox 1042 3611 1120 3667; x_wconf 90' lang='lat' dir='ltr'><strong>tunc</strong></span> <span class='ocrx_word' id='word_1_240' title='bbox 1142 3602 1357 3686; x_wconf 87' lang='lat' dir='ltr'><strong>justiciarium</strong></span> <span class='ocrx_word' id='word_1_241' title='bbox 1381 3604 1501 3669; x_wconf 89' lang='lat' dir='ltr'><strong>foreste</strong></span> 
     </span>
     <span class='ocr_line' id='line_1_30' title="bbox 301 3703 1501 3789; baseline 0.002 -19"><span class='ocrx_word' id='word_1_242' title='bbox 301 3706 341 3770; x_wconf 88' lang='lat' dir='ltr'><strong>de</strong></span> <span class='ocrx_word' id='word_1_243' title='bbox 363 3703 573 3789; x_wconf 90' lang='lat' dir='ltr'><strong>inquisitione</strong></span> <span class='ocrx_word' id='word_1_244' title='bbox 596 3703 750 3780; x_wconf 81' lang='lat' dir='ltr'><strong>facienda,</strong></span> <span class='ocrx_word' id='word_1_245' title='bbox 774 3711 885 3768; x_wconf 92' lang='lat' dir='ltr'><strong>utrum</strong></span> <span class='ocrx_word' id='word_1_246' title='bbox 908 3703 998 3788; x_wconf 88' lang='lat' dir='ltr'><strong>prius</strong></span> <span class='ocrx_word' id='word_1_247' title='bbox 1021 3704 1161 3769; x_wconf 84' lang='lat' dir='ltr'><strong>fuissent</strong></span> <span class='ocrx_word' id='word_1_248' title='bbox 1182 3713 1402 3771; x_wconf 86' lang='lat' dir='ltr'><strong>antecessores</strong></span> <span class='ocrx_word' id='word_1_249' title='bbox 1422 3707 1501 3772; x_wconf 89' lang='lat' dir='ltr'><strong>dicti</strong></span> 
     </span>
     <span class='ocr_line' id='line_1_31' title="bbox 301 3803 1500 3894; baseline 0.002 -22"><span class='ocrx_word' id='word_1_250' title='bbox 301 3807 412 3872; x_wconf 87' lang='lat' dir='ltr'><strong>Briani</strong></span> <span class='ocrx_word' id='word_1_251' title='bbox 422 3803 524 3870; x_wconf 83' lang='lat' dir='ltr'><strong>feffati</strong></span> <span class='ocrx_word' id='word_1_252' title='bbox 539 3804 687 3870; x_wconf 89' lang='lat' dir='ltr'><strong>dedomo</strong></span> <span class='ocrx_word' id='word_1_253' title='bbox 697 3804 807 3890; x_wconf 88' lang='lat' dir='ltr'><strong>Burgi,</strong></span> <span class='ocrx_word' id='word_1_254' title='bbox 817 3827 858 3868; x_wconf 87' lang='lat' dir='ltr'><strong>an</strong></span> <span class='ocrx_word' id='word_1_255' title='bbox 874 3805 914 3868; x_wconf 92' lang='lat' dir='ltr'><strong>de</strong></span> <span class='ocrx_word' id='word_1_256' title='bbox 929 3806 1049 3870; x_wconf 86' lang='lat' dir='ltr'><strong>foresta</strong></span> <span class='ocrx_word' id='word_1_257' title='bbox 1058 3831 1067 3885; x_wconf 84' lang='lat'>3</span> <span class='ocrx_word' id='word_1_258' title='bbox 1083 3815 1117 3872; x_wconf 86' lang='lat' dir='ltr'><strong>et</strong></span> <span class='ocrx_word' id='word_1_259' title='bbox 1132 3807 1178 3871; x_wconf 85' lang='lat' dir='ltr'><strong>sic</strong></span> <span class='ocrx_word' id='word_1_260' title='bbox 1194 3807 1277 3872; x_wconf 84' lang='lat' dir='ltr'><strong>iacta</strong></span> <span class='ocrx_word' id='word_1_261' title='bbox 1290 3808 1500 3894; x_wconf 86' lang='lat' dir='ltr'><strong>inquisitione</strong></span> 
     </span>
     <span class='ocr_line' id='line_1_32' title="bbox 301 3905 1499 3996; baseline -0.001 -22"><span class='ocrx_word' id='word_1_262' title='bbox 301 3909 428 3996; x_wconf 78' lang='lat' dir='ltr'><strong>peritii.</strong></span> <span class='ocrx_word' id='word_1_263' title='bbox 442 3907 560 3995; x_wconf 88' lang='lat' dir='ltr'><strong>legales</strong></span> <span class='ocrx_word' id='word_1_264' title='bbox 581 3905 730 3971; x_wconf 92' lang='lat' dir='ltr'><strong>homines</strong></span> <span class='ocrx_word' id='word_1_265' title='bbox 752 3906 838 3991; x_wconf 91' lang='lat' dir='ltr'><strong>apud</strong></span> <span class='ocrx_word' id='word_1_266' title='bbox 861 3905 1002 3985; x_wconf 88' lang='lat' dir='ltr'><strong>Bernek,</strong></span> <span class='ocrx_word' id='word_1_267' title='bbox 1016 3915 1050 3971; x_wconf 92' lang='lat' dir='ltr'><strong>et</strong></span> <span class='ocrx_word' id='word_1_268' title='bbox 1065 3908 1255 3972; x_wconf 86' lang='lat' dir='ltr'><strong>transmissa</strong></span> <span class='ocrx_word' id='word_1_269' title='bbox 1269 3909 1402 3973; x_wconf 90' lang='lat' dir='ltr'><strong>dominc</strong></span> <span class='ocrx_word' id='word_1_270' title='bbox 1418 3911 1499 3995; x_wconf 89' lang='lat' dir='ltr'><strong>Regi</strong></span> 
     </span>
    </p>

    <p class='ocr_par' dir='ltr' id='par_1_8' title="bbox 81 4009 1498 4291">
     <span class='ocr_line' id='line_1_33' title="bbox 81 4009 1498 4097; baseline 0.001 -22"><span class='ocrx_word' id='word_1_271' title='bbox 81 4027 137 4090; x_wconf 79' lang='lat' dir='ltr'><strong>(soz.</strong></span> <span class='ocrx_word' id='word_1_272' title='bbox 152 4025 230 4075; x_wconf 67' lang='lat' dir='ltr'><strong>tatii.</strong></span> <span class='ocrx_word' id='word_1_273' title='bbox 242 4023 289 4090; x_wconf 67' lang='grc' dir='ltr'><strong>ν’.)</strong></span> <span class='ocrx_word' id='word_1_274' title='bbox 301 4013 363 4078; x_wconf 85' lang='lat' dir='ltr'><strong>sub</strong></span> <span class='ocrx_word' id='word_1_275' title='bbox 390 4013 500 4097; x_wconf 89' lang='lat' dir='ltr'><strong>sigillis</strong></span> <span class='ocrx_word' id='word_1_276' title='bbox 526 4009 650 4075; x_wconf 91' lang='lat' dir='ltr'><strong>domini</strong></span> <span class='ocrx_word' id='word_1_277' title='bbox 665 4009 817 4095; x_wconf 88' lang='lat' dir='ltr'><strong>Hugonis</strong></span> <span class='ocrx_word' id='word_1_278' title='bbox 839 4017 873 4074; x_wconf 89' lang='lat' dir='ltr'><strong>et</strong></span> <span class='ocrx_word' id='word_1_279' title='bbox 885 4009 1079 4093; x_wconf 89' lang='lat' dir='ltr'><strong>juratorum,</strong></span> <span class='ocrx_word' id='word_1_280' title='bbox 1101 4031 1209 4075; x_wconf 89' lang='lat' dir='ltr'><strong>coram</strong></span> <span class='ocrx_word' id='word_1_281' title='bbox 1224 4011 1347 4090; x_wconf 63' lang='lat' dir='ltr'><strong>[multis</strong></span> <span class='ocrx_word' id='word_1_282' title='bbox 1370 4011 1498 4076; x_wconf 91' lang='lat' dir='ltr'><strong>baroni-</strong></span> 
     </span>
     <span class='ocr_line' id='line_1_34' title="bbox 299 4112 1497 4200; baseline -0.001 -20"><span class='ocrx_word' id='word_1_283' title='bbox 299 4115 362 4180; x_wconf 88' lang='lat' dir='ltr'><strong>bus</strong></span> <span class='ocrx_word' id='word_1_284' title='bbox 391 4112 573 4200; x_wconf 87' lang='lat' dir='ltr'><strong>adjudicata</strong></span> <span class='ocrx_word' id='word_1_285' title='bbox 601 4112 664 4178; x_wconf 80' lang='lat' dir='ltr'><strong>fuit</strong></span> <span class='ocrx_word' id='word_1_286' title='bbox 692 4112 799 4176; x_wconf 79' lang='lat' dir='ltr'><strong>warda</strong></span> <span class='ocrx_word' id='word_1_287' title='bbox 827 4120 911 4177; x_wconf 89' lang='lat' dir='ltr'><strong>terre</strong></span> <span class='ocrx_word' id='word_1_288' title='bbox 939 4113 1077 4196; x_wconf 89' lang='lat' dir='ltr'><strong>predicti</strong></span> <span class='ocrx_word' id='word_1_289' title='bbox 1106 4113 1218 4177; x_wconf 87' lang='lat' dir='ltr'><strong>Briani</strong></span> <span class='ocrx_word' id='word_1_290' title='bbox 1244 4114 1330 4179; x_wconf 91' lang='lat' dir='ltr'><strong>dicto</strong></span> <span class='ocrx_word' id='word_1_291' title='bbox 1352 4115 1497 4179; x_wconf 89' lang='lat' dir='ltr'><strong>Martinc</strong></span> 
     </span>
     <span class='ocr_line' id='line_1_35' title="bbox 298 4211 1497 4291; baseline -0.005 -8"><span class='ocrx_word' id='word_1_292' title='bbox 298 4217 408 4283; x_wconf 89' lang='lat' dir='ltr'><strong>abbati</strong></span> <span class='ocrx_word' id='word_1_293' title='bbox 422 4224 456 4281; x_wconf 91' lang='lat' dir='ltr'><strong>et</strong></span> <span class='ocrx_word' id='word_1_294' title='bbox 470 4215 538 4280; x_wconf 91' lang='lat' dir='ltr'><strong>suis</strong></span> <span class='ocrx_word' id='word_1_295' title='bbox 554 4212 804 4291; x_wconf 88' lang='lat' dir='ltr'><strong>successoribus,</strong></span> <span class='ocrx_word' id='word_1_296' title='bbox 826 4221 860 4277; x_wconf 90' lang='lat' dir='ltr'><strong>et</strong></span> <span class='ocrx_word' id='word_1_297' title='bbox 879 4211 980 4277; x_wconf 85' lang='lat' dir='ltr'><strong>abbas</strong></span> <span class='ocrx_word' id='word_1_298' title='bbox 994 4212 1082 4278; x_wconf 88' lang='lat' dir='ltr'><strong>illam</strong></span> <span class='ocrx_word' id='word_1_299' title='bbox 1097 4213 1236 4280; x_wconf 88' lang='lat' dir='ltr'><strong>wardam</strong></span> <span class='ocrx_word' id='word_1_300' title='bbox 1257 4213 1417 4280; x_wconf 91' lang='lat' dir='ltr'><strong>concessit</strong></span> <span class='ocrx_word' id='word_1_301' title='bbox 1438 4213 1497 4278; x_wconf 89' lang='lat' dir='ltr'><strong>do-</strong></span> 
     </span>
    </p>
   </div>
   <div class='ocr_carea' id='block_1_5' title="bbox 340 4337 1323 4386">
    <p class='ocr_par' dir='ltr' id='par_1_9' title="bbox 340 4337 1323 4386">
     <span class='ocr_line' id='line_1_36' title="bbox 340 4337 1323 4386; baseline -0.005 -1"><span class='ocrx_word' id='word_1_302' title='bbox 340 4341 454 4386; x_wconf 72' lang='grc' dir='ltr'><strong>ΟΑΜῙ).</strong></span> <span class='ocrx_word' id='word_1_303' title='bbox 470 4339 544 4385; x_wconf 75' lang='grc'><strong>800.</strong></span> <span class='ocrx_word' id='word_1_304' title='bbox 1303 4337 1323 4380; x_wconf 83' lang='lat'>0</span> 
     </span>
    </p>
   </div>
   <div class='ocr_carea' id='block_1_6' title="bbox 0 0 1910 5030">
    <p class='ocr_par' dir='ltr' id='par_1_10' title="bbox 0 0 1910 5030">
     <span class='ocr_line' id='line_1_37' title="bbox 0 0 1910 5030; baseline 0 7"><span class='ocrx_word' id='word_1_305' title='bbox 0 0 1910 5030; x_wconf 95' lang='lat' dir='ltr'><strong> </strong></span> 
     </span>
    </p>
   </div>
  </div>
 </body>
</html>
