3894 5024
652 625 863 672 onnonroon
882 625 1207 672 rrrnoauncansr.
1471 606 1532 666 139

333 797 466 843 suorum
481 778 688 862 proveniunt.
734 777 779 844 Et
794 800 859 864 quo
871 777 1028 843 Warento
1040 778 1157 844 clamat
1167 778 1274 843 levare
1286 773 1396 840 debita
1407 773 1532 840 domini

333 879 431 965 Regis
452 880 536 945 infra
559 880 739 965 predictum
760 881 953 960 manerium,
968 891 1002 946 et
1024 881 1100 946 inda
1122 881 1164 945 ad
1188 878 1391 946 Scaccarium
1406 875 1531 942 domini

333 983 431 1068 Regis
445 984 640 1069 respondere
655 1007 714 1070 per
725 1007 858 1051 manum
871 1007 974 1064 suam,
984 1005 1046 1069 que
1058 984 1099 1049 ad
1114 984 1283 1050 dominum
1292 983 1416 1067 Regem
1427 989 1461 1046 et
1475 999 1530 1043 co·

332 1107 445 1152 ronam
461 1110 553 1152 suam
568 1089 744 1174 pertinent,
760 1099 822 1156 etc.

374 1191 420 1256 Et
433 1189 534 1257 abbas
551 1213 610 1278 per
624 1201 823 1258 attornatum
835 1213 931 1257 suum
940 1191 1031 1257 venit
1042 1199 1076 1256 et
1084 1191 1163 1257 dicit
1173 1213 1238 1276 quo
1253 1191 1294 1256 ed
1305 1189 1413 1255 visum
1427 1183 1531 1251 franci

330 1291 438 1376 plegii,
453 1293 541 1378 quod
564 1293 682 1358 clamat
706 1302 817 1360 tenere
842 1293 1025 1378 predictum
1051 1291 1159 1357 visum
1185 1292 1236 1358 bis
1259 1313 1318 1377 per
1342 1310 1476 1367 annum,
1496 1295 1530 1350 et

329 1392 463 1479 inquirit
476 1393 517 1460 de
532 1393 685 1460 omnibus
700 1393 842 1460 articulis
854 1394 894 1459 de
910 1392 1027 1477 quibus
1039 1393 1219 1458 vicecomes
1233 1391 1368 1477 inquirit
1381 1391 1416 1454 in
1431 1399 1528 1454 turno

114 1502 171 1566 (sol.
183 1520 247 1555 axe.
265 1511 314 1570 ν’.)
324 1499 401 1562 suo.
445 1498 491 1562 Et
505 1497 584 1562 dicit
598 1497 686 1582 quod
701 1498 795 1562 sedes
811 1497 948 1582 predicti
964 1496 1111 1578 maneriis
1126 1507 1177 1562 est
1192 1498 1225 1561 in
1239 1496 1396 1561 comitatu
1409 1494 1475 1568 isto
1490 1491 1524 1553 in

111 1621 184 1666 Anno
195 1621 293 1668 nomini
329 1608 421 1683 parte
436 1599 518 1665 etin
533 1599 691 1665 comitatu
713 1598 951 1665 Norhamtonie
965 1599 1000 1663 in
1026 1608 1129 1684 parte,
1144 1609 1178 1665 et
1200 1600 1317 1665 clamat
1331 1608 1441 1663 tenere
1455 1614 1528 1680 pre·

108 1685 283 1810 ἓξὲξ
330 1700 453 1766 dictum
468 1699 576 1766 visum
588 1701 629 1766 de
644 1700 797 1767 omnibus
812 1700 1089 1767 commorantibus
1104 1702 1138 1766 in
1153 1701 1300 1787 predicto
1316 1698 1469 1766 manerio.

373 1801 562 1889 Requisitus
588 1803 617 1868 si
641 1802 761 1870 habeat
782 1803 888 1868 furcas
911 1812 945 1870 et
966 1803 1028 1868 alia
1045 1803 1210 1889 judicialia
1231 1803 1320 1890 apud
1342 1800 1471 1868 Undele
1492 1797 1527 1898 in

328 1907 485 1972 comitatu
500 1905 738 1972 Norbamtonie
757 1927 820 1991 que
835 1906 1022 1972 deserviunt
1035 1907 1181 1992 predicto
1197 1905 1339 1972 manerio
1354 1905 1395 1969 de
1411 1903 1526 1969 Stane-

373 2111 530 2179 Quesitus
540 2111 568 2176 si
578 2110 694 2198 aliquis
704 2112 890 2178 malefactor
900 2122 1014 2199 captus
1027 2113 1112 2178 sitin
1123 2113 1365 2191 comitatuisto‚
1374 2110 1415 2175 ad
1430 2130 1527 2195 quam

328 2214 493 2300 prisonem
513 2215 631 2280 clamat
653 2215 746 2281 illum
762 2216 943 2294 deducere3
968 2218 1008 2281 ad
1024 2216 1112 2303 quod
1126 2217 1323 2303 respondere
1346 2236 1411 2279 non
1427 2219 1528 2278 curat.

331 2317 395 2383 Sed
411 2317 490 2383 dicit
505 2319 594 2403 quod
608 2319 725 2383 chmel
736 2329 846 2384 tenere
861 2318 968 2382 visum
983 2319 1166 2403 predictum
1182 2319 1251 2384 sine
1266 2317 1385 2382 ballivo
1403 2313 1515 2399 Regis.

373 2421 562 2507 Requisitus
586 2429 667 2506 quot
689 2420 789 2486 hebet
813 2421 1041 2501 decennarios;
1067 2423 1108 2487 ad
1131 2421 1218 2506 quod
1240 2418 1437 2504 respondere
1460 2436 1527 2480 non

328 2535 428 2592 curat.

371 2628 451 2693 Dies
466 2627 562 2692 dctus
577 2634 629 2692 est
642 2626 683 2692 de
698 2625 860 2692 sufflando
876 2627 1000 2712 judicio
1015 2649 1075 2692 suo
1091 2625 1177 2692 adie
1200 2626 1323 2692 Pascha
1337 2625 1372 2689 in
1386 2645 1443 2690 xv.
1458 2621 1527 2688 dies

327 2731 414 2818 apud
427 2728 769 2810 Westmonasterium‚
785 2751 895 2796 coram
914 2729 1115 2796 thesaurario
1137 2739 1171 2796 et
1184 2728 1361 2796 baronibus
1376 2727 1417 2792 de
1433 2727 1524 2793 Socc-

327 2833 423 2914 ccrio,
438 2842 500 2900 etc.

108 2957 300 3006 mactate-sira.
371 2937 490 3001 Coram
505 2934 751 3020 inquisitoribus
767 2935 855 3020 apud
871 2933 1101 2999 stanfordiam.

113 3066 188 3116 ruo.
370 3039 479 3106 Jurati
493 3039 607 3104 dicunt
620 3038 708 3122 quod
730 3037 794 3102 due
809 3045 957 3102 cunule
981 3047 1065 3102 terre
1089 3037 1125 3100 in
1139 3037 1283 3123 'lbrrleby
1297 3038 1338 3102 da
1363 3034 1461 3102 feodo
1486 3033 1527 3098 de

327 3143 359 3206 la
373 3140 468 3204 Mare
493 3137 641 3203 solebant
665 3159 737 3204 esse
758 3137 936 3223 gildabiles‚
951 3147 986 3203 et
1007 3138 1105 3204 modo
1128 3137 1245 3204 clamet
1259 3160 1331 3204 esse
1346 3135 1471 3222 quietas
1486 3135 1527 3200 de

326 3241 491 3309 communi
514 3240 775 3321 amerciamento‚
791 3240 924 3306 murdro
948 3250 982 3306 et
1003 3241 1085 3306 falso
1108 3239 1242 3326 judicio,
1258 3249 1292 3306 et
1313 3240 1431 3306 clamat
1455 3263 1527 3307 esse

326 3347 451 3433 quietas
477 3345 517 3410 de
543 3343 701 3410 comitatu
715 3353 749 3410 et
764 3351 852 3409 secta
866 3343 906 3408 de
921 3353 1129 3430 wappentaca
1150 3365 1209 3429 per
1223 3345 1246 3410 J
1247 3345 1408 3410 ohannem
1424 3368 1527 3431 quon-

326 3449 401 3514 dam
416 3446 567 3512 abbatem
583 3445 624 3511 de
639 3445 751 3532 Burgo
767 3445 870 3511 sancti
887 3445 986 3525 Petri,
1002 3446 1060 3511 sed
1075 3446 1225 3512 nesciunt
1239 3467 1303 3532 quo
1318 3459 1472 3515 warento.

104 3566 241 3615 muaswe.
369 3550 495 3616 Dicunt
517 3549 605 3634 quod
628 3547 730 3614 abbas
757 3549 798 3613 de
823 3550 934 3634 Burgo
961 3549 1065 3614 sancti
1089 3549 1177 3615 Petri
1203 3551 1321 3616 clamat
1346 3551 1465 3618 habere
1490 3555 1524 3619 in

326 3653 495 3740 Osgoteby
509 3662 680 3719 returnum
695 3651 803 3718 brevis
819 3651 943 3718 domini
965 3651 1074 3737 Regis,
1090 3662 1124 3718 et
1137 3653 1293 3740 placitum
1307 3655 1401 3721 vetiti
1416 3658 1527 3738 namii,

326 3766 359 3824 et
373 3756 526 3842 quicquid
539 3755 721 3823 vicecomes
736 3756 890 3841 placitare
904 3765 1025 3842 potest.

369 3860 454 3925 Item
477 3860 595 3926 elamat
627 3859 746 3926 habere
770 3860 877 3926 visum
901 3858 1001 3925 franci
1026 3860 1123 3946 plegii
1149 3871 1182 3927 et
1208 3885 1245 3927 ea
1266 3883 1330 3948 que
1352 3865 1394 3929 ad
1418 3866 1524 3933 visum

323 3963 424 4028 franci
438 3963 535 4049 plegii
550 3963 725 4048 pertinent.

367 4066 451 4132 Item
476 4065 592 4131 clamat
613 4067 697 4144 waif,
712 4066 966 4151 infongenethef,
982 4077 1015 4132 ct
1036 4069 1290 4152 utlongenethel‚
1317 4079 1350 4134 et
1375 4073 1527 4138 amercia-

324 4179 435 4235 menta
448 4169 621 4234 hominum
638 4191 785 4250 suorum,
800 4181 833 4236 et
848 4170 958 4235 omnia
973 4170 1034 4234 alia
1049 4193 1088 4236 ex
1105 4171 1237 4236 murdro
1250 4181 1330 4236 etex
1347 4173 1417 4238 aliis
1432 4175 1527 4240 foris·
