3894 5024
831 635 1029 684 Arsunmx.
1475 621 1535 698 175

104 796 168 864 (fol.
176 795 237 846 asli.
248 795 295 859 ιθ.)
341 783 347 852 Ι
360 785 467 835 Anslord
479 786 523 835 .iii.
535 793 658 836 ouruostss
668 793 694 835 et
703 788 776 836 servit
785 803 830 851 pro
840 790 941 839 dimidiu
950 793 1018 840 bida.

360 869 479 917 Robertus
497 869 529 916 de
546 869 660 932 Guneges
672 871 715 918 .ix.
733 878 869 920 eamumtss
885 874 911 920 iu
929 874 1115 932 Linoolneseirs,
1127 880 1152 922 et
1168 875 1241 922 servit
1256 887 1301 936 pre
1320 874 1365 924 .iii.
1382 875 1454 936 hidis,
1469 885 1494 924 et
1509 877 1535 924 in

327 950 511 1000 Hsmtonsseirs
522 951 557 998 .ii.
568 957 648 1012 partes
658 952 764 1000 dimidiae
776 955 859 1014 virgea,
871 960 895 1002 et
904 957 976 1003 servit
986 971 1029 1016 pro
1043 957 1078 1004 .ii.
1090 956 1215 1004 militibus.

359 1033 457 1081 Ρίοοιιιι
466 1033 531 1080 filius
541 1033 663 1080 Oolsuaini
672 1035 745 1081 habet
760 1035 885 1083 dimidiam
901 1043 1048 1085 muneratam
1065 1039 1091 1084 in
1109 1039 1193 1096 Risou,
1205 1053 1278 1098 quam
1296 1041 1371 1086 abbes
1389 1039 1456 1087 dedit
1473 1040 1535 1100 patri

326 1128 370 1161 suo
381 1115 423 1160 tali
433 1115 531 1162 servioio
542 1115 607 1175 qnod
619 1119 678 1162 esset
688 1115 719 1162 sd
728 1116 818 1178 plsoits
828 1117 921 1164 obbatis
932 1123 956 1164 et
966 1123 1133 1166 manuteneret
1149 1133 1187 1166 res
1202 1132 1257 1166 suus
1273 1125 1298 1167 et
1313 1119 1422 1167 homines
1437 1135 1493 1168 suos
1508 1122 1533 1168 in

327 1198 389 1244 seire
399 1204 424 1244 et
434 1198 460 1244 in
470 1198 523 1244 aliis
533 1198 600 1245 loeis.

359 1277 498 1325 Willelmus
509 1279 540 1324 de
551 1277 596 1324 Eia
608 1277 633 1325 .i.
646 1277 745 1339 virgam,
757 1285 781 1326 et
791 1281 863 1326 servit
873 1294 929 1326 oum
940 1280 1065 1328 militibus.

361 1361 498 1410 Rodbertus
508 1362 572 1408 filius
583 1361 680 1407 Rioardi
692 1361 744 1408 .iiii.
756 1361 825 1408 hidas
835 1363 861 1408 in
873 1362 1063 1420 Hamtensseira,
1075 1369 1099 1410 et
1110 1363 1167 1410 inde
1178 1365 1249 1412 servit
1260 1379 1285 1413 se
1295 1366 1370 1414 altero
1381 1367 1466 1414 milite.

361 1443 481 1491 Rioerdus
495 1444 559 1490 filim
570 1443 681 1506 Hugonis
694 1443 743 1492 sii.
756 1443 824 1490 hides
840 1450 865 1491 et
882 1444 926 1491 .iii.
945 1445 1021 1506 virgas
1040 1446 1065 1492 in
1086 1445 1275 1504 llamtonaseira,
1287 1454 1312 1495 et
1330 1449 1401 1495 servit
1417 1463 1443 1496 se
1459 1449 1534 1496 tercio

328 1525 414 1574 milite.

361 1605 479 1652 Wimund
503 1606 537 1653 .ii.
555 1605 624 1653 hides
643 1612 667 1653 et
687 1606 713 1654 .i.
734 1606 826 1668 virgam
842 1606 868 1653 in
888 1605 1079 1667 Humtonsseirs,
1099 1614 1124 1656 et
1139 1609 1301 1656 calumniatur
1319 1611 1344 1656 iu
1362 1610 1487 1658 Ailintona
1505 1611 1533 1658 .i.

327 1687 410 1735 hidam
421 1695 445 1734 et
456 1687 580 1734 dimidiam
590 1689 621 1734 de
631 1702 711 1745 meus,
723 1693 747 1734 et
757 1689 829 1734 servit
840 1694 919 1735 tamen
931 1703 974 1749 pro
985 1689 1069 1736 milite.

327 1853 403 1900 milite
413 1867 469 1899 oum
478 1852 576 1908 auxilio,
587 1857 611 1898 et
622 1851 663 1897 ills
675 1851 727 1899 .iiii.
740 1865 795 1911 pars
805 1851 921 1897 reddebat
932 1851 957 1896 iu
968 1865 1032 1898 nuno
1046 1867 1097 1899 .xx.
1110 1852 1206 1899 solidos.

103 1926 302 1992 (sol.x‘ois's'.r⁰.)
340 1930 480 1999 'Redulfus
497 1934 527 1980 de
541 1931 634 1980 Nevils.
647 1948 672 1980 x.
684 1939 818 1980 oarmeatss
834 1933 860 1980 in
877 1933 1054 1980 Linoolneseiro
1070 1941 1095 1982 et
1110 1936 1135 1983 .i.
1148 1935 1231 1982 hidam
1242 1939 1267 1982 et
1278 1935 1402 1982 dimidiam
1413 1936 1438 1982 in
1455 1935 1530 1984 Hum-

326 2017 446 2064 tonasoira
457 2021 481 2062 st
491 2016 564 2062 servit
573 2029 598 2062 se
608 2016 682 2062 toreio
693 2015 777 2063 milite.

359 2099 434 2160 Hugo
453 2099 546 2145 Oliiard
566 2099 596 2144 ds
615 2097 701 2145 Stokes
716 2098 760 2145 .iii.
779 2099 857 2160 virgas
876 2103 900 2145 et
919 2098 963 2146 .iii.
981 2103 1074 2159 partem
1090 2099 1116 2147 .i.
1129 2100 1245 2162 ὠμοὶ
1261 2101 1333 2148 servit
1348 2115 1392 2162 pro
1411 2101 1487 2148 milite
1505 2102 1530 2148 in

325 2183 433 2230 exereitn
444 2187 468 2227 et
479 2181 504 2226 in
515 2181 605 2237 warda,
618 2185 642 2226 et
653 2180 678 2225 in
689 2181 831 2238 ostensione,
844 2195 900 2228 oum
911 2181 1019 2228 eorredio
1030 2183 1130 2230 abbatis.

358 2264 441 2310 Abbss
451 2261 570 2307 'l'ureldus
581 2258 648 2306 dedit
662 2259 764 2305 Viviano
775 2260 899 2306 dimidiam
914 2261 996 2307 hidam
1016 2261 1041 2307 iu
1053 2261 1172 2308 Oiroaleld
1183 2263 1248 2309 uude
1266 2263 1317 2310 Rex
1329 2263 1393 2309 misit
1409 2263 1434 2308 in
1446 2263 1532 2310 foresta

324 2345 485 2392 medietatem.
522 2341 607 2388 Eidem
619 2341 721 2387 deditio
734 2340 829 2387 Undele
839 2349 930 2388 sextam
940 2347 1033 2402 partem
1046 2343 1071 2389 .i.
1084 2341 1158 2399 hidoe,
1171 2344 1230 2388 etin
1241 2342 1409 2390 Wermintoua
1420 2350 1531 2405 qum-tam

323 2433 417 2489 partem
429 2425 455 2473 .i.
468 2424 532 2471 bidae
551 2424 577 2469 iu
594 2422 746 2483 sergentaris,
758 2422 824 2468 unde
842 2422 914 2469 debet
924 2437 973 2470 esse
984 2423 1052 2469 miles
1071 2423 1096 2468 iu
1113 2424 1219 2470 exercitu
1236 2439 1293 2470 eum
1305 2425 1339 2472 .ii.
1352 2425 1428 2485 equis,
1439 2431 1464 2472 et
1482 2425 1532 2471 suis

325 2509 405 2565 umis,
416 2513 440 2554 et
450 2507 523 2553 abbas
534 2505 639 2551 inveniet
650 2504 672 2550 ei
682 2502 730 2549 slis
739 2503 878 2549 necessario.

358 2591 459 2637 Summa
478 2589 503 2634 in
520 2588 632 2635 dominiis
647 2587 759 2634 maneriis
775 2585 886 2632 Abbatiss
903 2585 967 2633 inter
982 2585 1027 2632 hoe
1038 2587 1104 2647 quod
1120 2585 1146 2632 in
1157 2586 1263 2634 dominio
1274 2593 1309 2634 est
1328 2593 1352 2635 et
1363 2589 1428 2649 quod
1443 2587 1532 2635 milites

325 2672 416 2720 babent
430 2677 487 2718 suut
503 2670 579 2718 .e.lxi.
596 2669 665 2716 hidas
681 2674 706 2717 st
724 2669 857 2726 dimidiam,
868 2673 893 2714 et
909 2667 1034 2715 dimidium
1050 2670 1160 2716 bovatam
1171 2674 1259 2731 praetes
1271 2685 1302 2717 .v.
1315 2675 1407 2732 partem
1424 2669 1530 2718 dimidio

325 2755 424 2802 bovatae.
458 2753 491 2800 Et
509 2753 543 2799 ibi
561 2757 619 2799 sunt
634 2751 660 2797 iu
677 2751 783 2799 dominio
796 2751 857 2800 .ivii.
870 2765 985 2800 oarruese.
1020 2751 1053 2799 Et
1069 2751 1152 2798 villani
1169 2753 1259 2801 hebent
1277 2768 1322 2802 ,ιιι
1340 2767 1451 2801 esrruoas
1467 2759 1491 2800 et
1504 2753 1530 2800 .i.

323 2829 438 2882 bovem*

324 2965 390 3011 riuus
400 2963 431 3008 ds
442 2961 570 3021 Hastinges
581 2966 648 3006 tenet
659 2960 777 3020 Filingels
787 2973 843 3006 eum
854 2960 925 3006 dietis
937 2961 998 3006 villis
1008 2960 1039 3006 de
1056 2961 1161 3007 Roberte
1177 2961 1323 3008 Marmiouu.
1358 2961 1488 3009 Mattheus
1498 2963 1530 3010 de

326 3043 434 3092 Comeles
443 3047 509 3089 tenet
523 3040 639 3088 Odistone
658 3041 689 3086 de
708 3041 772 3087 dioto
792 3037 907 3086 Henrieo.
942 3039 1053 3085 Oliverus
1071 3039 1206 3087 Sarsoeuus
1222 3047 1289 3087 tenet
1308 3040 1489 3090 Smsrlsemtone
1500 3044 1531 3090 de

326 3127 410 3175 eodem
422 3123 536 3171 Henrieo.
566 3123 685 3170 Praeteres
695 3124 774 3170 dietus
784 3123 904 3170 Robertus
915 3122 1051 3169 Marmioun
1063 3127 1130 3168 tenet
1141 3123 1172 3168 de
1182 3123 1268 3169 abbeie
1278 3123 1308 3169 de
1321 3123 1402 3184 Burgo
1413 3124 1530 3185 quioquid

326 3215 361 3258 est
372 3209 403 3256 de
413 3207 483 3255 leode
492 3221 544 3266 suo,
560 3207 586 3253 in
605 3207 743 3267 langetone
760 3211 784 3253 st
799 3205 931 3263 Poliebroo‚
942 3210 966 3251 et
982 3204 1055 3250 debet
1073 3203 1217 3265 respendere
1228 3204 1293 3251 dioto
1310 3205 1391 3250 ubbeti
1410 3205 1441 3250 de
1460 3205 1531 3254 leode

325 3293 400 3341 trium
421 3290 526 3337 militum
547 3295 572 3337 et
593 3289 700 3346 dimidio,
722 3303 766 3350 pro
790 3286 902 3334 omnibns
927 3285 1049 3348 praediotis
1067 3286 1146 3332 terris.
1195 3285 1224 3332 P.
1248 3284 1289 3334 61.
1321 3285 1361 3332 De
1380 3285 1529 3334 Wstervills.

326 3374 422 3421 Primus
439 3369 562 3418 Anlredus
581 3369 611 3415 ds
628 3367 777 3416 Waterville.
812 3367 932 3414 Robertus
951 3367 982 3413 de
1001 3365 1142 3414 Wsterville
1161 3372 1228 3414 tenet
1249 3367 1275 3412 in
1294 3366 1529 3426 Norbsmtouesoire,

325 3455 417 3504 seilieet
428 3455 452 3500 in
463 3451 541 3512 Torpe
552 3469 559 3508 ;
574 3456 599 3498 et
610 3451 636 3496 in
649 3449 880 3511 Huutingdonsuire,
897 3448 990 3495 seilicet
1007 3449 1033 3493 in
1051 3447 1180 3506 Ovsrtone,
1199 3447 1297 3494 ieodnm
1308 3448 1436 3495 dimidium
1447 3449 1531 3498 militis

325 3545 350 3586 et
360 3551 438 3585 uuum
449 3533 605 3596 quarterium,
618 3538 643 3578 et
653 3532 710 3578 iude
720 3532 777 3578 taeit
786 3530 919 3578 servitium.
948 3530 977 3577 P.
990 3529 1031 3577 68.
1051 3528 1270 3576 wake-Primus
1281 3529 1356 3591 Engo
1367 3531 1398 3577 ds
1410 3530 1528 3582 Euremn.

327 3621 466 3668 Baldwiuus
474 3617 552 3664 Wslse
562 3621 628 3664 tenet
639 3616 664 3661 in
676 3615 792 3676 Depinge,
800 3613 908 3661 Plumtre
916 3618 941 3659 et
949 3611 1022 3659 Stove
1029 3611 1100 3660 leode
1107 3612 1211 3659 duorum
1221 3612 1334 3661 militum.
1369 3613 1402 3661 Et
1413 3614 1532 3663 liebertus

327 3703 357 3750 de
374 3703 473 3763 (iunges
491 3701 522 3748 de
541 3699 625 3748 eodem
643 3697 782 3744 Baldewino
798 3697 824 3743 in
844 3695 1030 3754 Lineolnesoire,
1047 3695 1138 3742 seilicet
1156 3695 1183 3741 in
1202 3695 1300 3755 Gareby,
1320 3696 1427 3757 Byamel,
1444 3711 1530 3744 uovem

326 3791 449 3831 damoetas
467 3789 556 3841 tes-123
573 3787 597 3829 et
616 3781 642 3827 in
661 3779 883 3826 Norhnmtouesoire
894 3779 954 3826 duos
965 3782 1045 3840 partes
1061 3777 1169 3826 dimidioe
1179 3777 1285 3839 virgatas,
1295 3777 1421 3824 scilieetin
1438 3777 1530 3838 Burgo,

326 3877 370 3926 pro
381 3863 456 3910 leodis
466 3862 569 3908 duorum
579 3861 693 3908 militum.
727 3859 760 3906 Et
770 3865 884 3920 praeterea
893 3859 973 3906 dietus
989 3857 1144 3905 baldewinus
1159 3863 1226 3905 tenet
1242 3857 1340 3904 leodum
1356 3858 1429 3904 unius
1447 3858 1531 3905 militis

325 3947 351 3991 in
364 3944 476 4004 Wythsm
487 3949 512 3988 et
523 3944 642 4004 Berghsm
654 3943 758 3989 deterre
769 3941 870 3988 Allordi.
904 3941 938 3988 Et
953 3941 1084 4002 pnediotus
1100 3939 1255 3987 baldewinus
1271 3939 1302 3986 de
1320 3939 1443 4000 predictis
1454 3940 1530 3987 leodis

324 4023 407 4073 abbati
418 4023 448 4068 de
461 4021 543 4080 Burgo
553 4021 626 4066 debet
636 4021 742 4080 plenarie
753 4021 896 4081 respondere
907 4022 938 4066 de
948 4022 1014 4067 omni
1025 4021 1121 4068 lorensi.

359 4107 374 4137 ⁸
391 4105 421 4151 ln
432 4103 473 4150 the
483 4102 585 4162 margin,
596 4102 677 4148 beside
693 4105 709 4128 ‘⁸
716 4103 821 4149 Anslord
831 4103 880 4148 end
896 4102 1031 4148 Rodbertus
1042 4101 1073 4148 de
1084 4101 1224 4162 Guneges,''
1234 4102 1251 4127 ‘⁴
1260 4099 1329 4148 Wso.
1341 4099 1400 4148 Vae.
1411 4101 1435 4156 ;''
1444 4099 1530 4160 belew,

326 4187 432 4249 opposite
442 4186 458 4212 ‘⁶
466 4184 566 4244 Rison,'’
582 4182 681 4230 “Juxta
692 4183 840 4230 Lineoluism
853 4183 889 4230 .ii.
900 4181 1003 4228 miliaria
1013 4182 1044 4228 de
1055 4179 1211 4228 Netleham.''
1242 4179 1357 4241 Opposita
1374 4179 1531 4228 “bedbertus
