3812 5030
436 601 477 659 ⁵4
754 612 968 660 onnonroon
986 611 1311 658 rsrnoeoncassa.

479 765 565 830 Item
586 765 661 850 quia
683 765 862 832 vicecomes
888 765 1137 844 Norhamtonic‚
1162 787 1229 829 non
1253 759 1459 828 obstantibus
1474 758 1635 826 mandatis

434 869 519 953 regis
549 867 754 952 supradictis,
779 869 855 933 iecit
877 869 1081 954 distringere,
1109 868 1240 948 milites,
1265 866 1469 932 francolanos
1492 873 1526 929 et
1555 863 1635 926 alios

436 981 585 1035 tenentes
609 971 732 1035 domini
754 970 881 1035 abbatis
896 971 938 1036 ad
952 972 1134 1056 predictum
1159 992 1289 1036 murum
1312 968 1548 1055 reparandum3
1574 966 1635 1029 im·

435 1082 598 1157 petratum
613 1083 664 1137 est
679 1073 897 1159 subscriptum
912 1073 1009 1140 breve
1024 1095 1084 1159 pro
1098 1073 1221 1139 eisdem
1237 1073 1299 1137 sub
1313 1072 1374 1136 hac
1388 1072 1503 1136 forma.

213 1170 415 1220 amicorumve.
480 1175 551 1238 Rex
564 1174 747 1239 vicecomiti
769 1175 1007 1240 Norhemtonie
1029 1176 1177 1240 salutern.
1221 1174 1402 1240 Ostensum
1417 1183 1468 1236 est
1482 1171 1577 1236 nobis
1592 1191 1632 1235 ex

434 1285 525 1360 parte
541 1276 649 1341 dilecti
672 1276 768 1342 nobis
791 1277 826 1340 in
842 1277 975 1341 Christo
990 1275 1116 1341 abbatis
1132 1277 1172 1341 de
1188 1277 1298 1361 Burgo
1313 1275 1415 1339 sancti
1431 1273 1529 1352 Petri,
1545 1272 1632 1357 quod

434 1378 593 1464 cumipse
608 1388 642 1443 et
656 1401 770 1444 omnes
786 1388 934 1444 tenentes
950 1380 1001 1444 sui
1016 1380 1056 1443 de
1079 1389 1154 1445 octo
1176 1376 1354 1443 hundredis
1371 1377 1440 1440 suis
1455 1397 1514 1460 per
1529 1383 1632 1439 cartas

433 1480 675 1565 progenitorum
705 1490 890 1545 nostrorum
919 1481 1046 1566 Regum
1072 1481 1189 1565 Anglie
1215 1481 1315 1565 quieti
1341 1501 1412 1544 esse
1438 1479 1578 1543 debcant
1599 1487 1633 1543 et

433 1604 561 1667 semper
574 1584 732 1648 hactenus
747 1605 819 1649 esse
834 1581 1063 1648 consueverint
1078 1583 1119 1646 de
1133 1582 1340 1668 reputacione
1355 1593 1389 1646 ct
1403 1581 1632 1646 emendacione

432 1687 517 1750 muri
542 1687 630 1772 perci
654 1687 759 1750 nostri
792 1685 1038 1765 Norhamtonic‚
1064 1696 1101 1749 tu
1131 1695 1280 1750 tenentes
1310 1685 1413 1771 ipsius
1440 1685 1566 1749 abbatis
1591 1685 1632 1748 de

431 1789 609 1852 hundredis
625 1789 779 1873 predictis
798 1791 867 1873 jam
883 1789 923 1853 de
937 1811 1024 1853 novo
1046 1789 1212 1874 distringis
1234 1789 1274 1852 ad
1297 1788 1480 1873 predictum
1503 1809 1631 1851 murum

430 1890 646 1976 reparandum
672 1891 705 1953 in
732 1890 867 1974 predicti
895 1889 1021 1954 abbatis
1048 1883 1262 1976 prejudicium
1289 1903 1323 1956 et
1346 1891 1530 1956 tenencium
1559 1911 1632 1976 pre·

432 1993 593 2056 dictorum
609 2013 676 2055 nou
692 1991 856 2055 modicum
880 2001 1120 2076 etgravamcn.
1165 1994 1325 2059 Nolentes
1352 2005 1460 2058 autem
1484 1994 1630 2079 predicto

212 2097 270 2157 (fvl-
282 2101 333 2147 τά·
345 2101 391 2160 r⁰·)
432 2093 542 2158 abbati
552 2095 604 2159 vel
618 2092 806 2159 tenentibus
817 2093 883 2157 suis
895 2116 952 2179 pre
964 2101 976 2173 l
986 2093 1081 2158 dictis
1092 2095 1126 2158 in
1138 2094 1199 2159 hac
1207 2104 1298 2180 parte
1308 2095 1449 2180 injuriari
1463 2121 1473 2174 3
1488 2094 1548 2159 tibi
1557 2117 1629 2180 pre-

432 2196 568 2281 cipimus
598 2196 686 2282 quod
716 2196 919 2275 demandam,
954 2219 1050 2282 quam
1085 2197 1238 2282 predictis
1272 2198 1458 2263 tenentibus
1495 2199 1630 2283 predicti

431 2299 556 2364 abbatis
571 2300 612 2365 de
627 2299 772 2384 predicto
788 2321 881 2364 muro
896 2299 1075 2385 reparando
1090 2301 1168 2364 lacis
1184 2323 1223 2364 ex
1239 2309 1329 2385 parte
1344 2309 1462 2378 vestra,
1477 2322 1580 2385 ponas
1594 2300 1628 2364 in

430 2412 613 2486 respectum
637 2401 802 2486 usquead
832 2401 1080 2487 parliamentum
1107 2410 1256 2465 nostrum
1281 2411 1358 2486 post
1381 2401 1500 2465 festum
1527 2401 1631 2466 sancti

432 2503 601 2566 Michaelis
631 2503 779 2585 proximo
803 2503 959 2582 futurum,
989 2513 1023 2567 ct
1046 2502 1295 2582 districcionem,
1325 2503 1353 2566 si
1382 2525 1478 2588 quam
1505 2502 1627 2569 eisdem

431 2626 468 2668 ca
501 2605 668 2668 occasione
699 2604 769 2668 fieri
794 2605 918 2682 feceris,
949 2605 1079 2668 interim
1101 2605 1224 2670 relaxes
1259 2604 1393 2683 eisdem,
1422 2615 1459 2667 ut
1488 2613 1566 2669 tunc
1593 2605 1628 2668 in

430 2706 544 2770 eodem
578 2706 797 2790 parlesmento
827 2715 939 2769 nostro
968 2706 1037 2770 fieri
1067 2707 1221 2770 faciamus
1251 2706 1337 2790 quod
1364 2706 1404 2770 de
1429 2707 1503 2790 jure
1532 2706 1629 2771 fuerit

429 2808 622 2872 laciendum.

472 2909 599 2973 Eodem
612 2918 757 2993 tempore
772 2909 980 2995 impetratum
995 2911 1057 2976 fuit
1071 2911 1169 2977 breve
1179 2913 1219 2976 de
1234 2912 1358 2976 decima
1368 2911 1553 2975 venacionis
1564 2912 1627 2976 hoc

429 3014 527 3078 modo
538 3013 782 3093 2—Edwardus,
802 3015 867 3078 Dei
893 3016 995 3100 gratia
1017 3025 1079 3081 etc.
1106 3016 1290 3080 Senescallo
1316 3017 1436 3080 foreste
1460 3037 1517 3079 sue
1543 3015 1628 3080 inter

428 3129 545 3204 pontes
570 3117 700 3183 Oxonie
724 3127 757 3182 et
782 3117 966 3183 Stanlordie
993 3120 1141 3184 salutem.
1186 3117 1273 3185 Quia
1297 3127 1426 3181 constat
1448 3116 1544 3182 nobis
1569 3140 1627 3203 per

428 3222 667 3308 inspeccionem
694 3231 853 3285 cartarum
877 3221 1045 3300 Willelmi,
1077 3219 1219 3299 Ricardi,
1240 3220 1402 3285 Johannis
1432 3228 1465 3284 et
1492 3221 1627 3285 Henrici

428 3327 528 3410 petris
558 3325 673 3402 nostri,
699 3325 863 3409 quondam
894 3323 1019 3408 Regum
1047 3323 1173 3407 Anglie‚
1206 3323 1293 3406 quod
1322 3321 1421 3386 abbas
1452 3323 1491 3386 de
1516 3323 1625 3409 Burgo

429 3426 532 3489 sancti
548 3426 635 3488 Petri
649 3425 705 3510 qui
730 3447 790 3509 pro
810 3435 957 3510 tempore
976 3425 1074 3489 fuerit
1088 3425 1206 3489 habere
1228 3424 1326 3488 debet
1351 3447 1391 3489 ex
1416 3426 1624 3490 concessione

428 3527 588 3591 dictorum
616 3527 741 3611 Regum
767 3527 885 3611 Anglie
911 3526 1069 3590 decimam
1098 3527 1284 3592 venacionis
1314 3537 1407 3612 capte
1436 3528 1470 3591 in
1496 3527 1625 3593 forestis

426 3627 547 3691 nostris
562 3627 644 3690 inira
659 3627 849 3691 comitatum
873 3627 1121 3709 Norhamtonie‚
1136 3639 1170 3694 et
1188 3630 1286 3694 etiam
1302 3637 1431 3694 constat
1450 3629 1545 3694 nobis
1566 3651 1625 3715 per

425 3729 650 3815 inspexionem
665 3730 845 3793 rotulorum
861 3729 1047 3795 cancellarie
1062 3731 1139 3796 dicti
1154 3731 1255 3818 patris
1271 3733 1374 3797 nostri
1389 3732 1476 3818 quod
1490 3731 1624 3797 abbates

426 3834 572 3919 ejusdem
587 3831 650 3896 loci
666 3854 793 3917 semper
807 3831 991 3898 habuerunt
1010 3833 1107 3899 breve
1131 3856 1226 3900 suum
1243 3837 1283 3900 de
1299 3835 1423 3900 decima
1437 3835 1623 3900 venacionis

425 3937 511 4002 illius
534 3933 704 4014 habenda3
736 3935 831 4000 vobis
862 3936 1053 4001 mandamus
1081 3938 1168 4023 quod
1198 3937 1302 4002 eidem
1329 3937 1439 4004 abbati
1466 3937 1622 4002 decimam

425 4039 513 4104 illam
533 4037 651 4104 habere
670 4037 794 4103 faciatis
818 4039 852 4103 in
874 4040 978 4104 lorma
991 4039 1145 4125 predicta.
1193 4037 1291 4105 Teste
1307 4041 1395 4127 Rege
1410 4041 1496 4127 apud
1512 4039 1623 4104 West-

425 4143 669 4222 monasterium,
685 4141 748 4208 xvi.
765 4141 816 4207 die
832 4142 1041 4222 Novembris,
1056 4165 1142 4206 anno
1157 4163 1189 4206 x.
