3938 5022
682 648 898 695 csnorsrcos
916 635 1254 700 rsrnosuuonrrsn.'
1501 645 1561 704 105

360 795 458 862 dicto.
502 798 549 862 Et
570 797 633 864 hoc
647 799 831 867 nullatenus
847 804 988 869 omittes.
1032 805 1130 871 'Peste
1145 807 1271 894 meipso
1286 807 1374 894 opud
1396 807 1564 876 Westmo·

359 901 548 980 nasterium,
561 901 627 966 vir.
642 903 694 969 die
709 904 800 986 Julii,
815 929 900 972 anno
915 909 1005 994 regni
1020 911 1124 974 nostri
1138 911 1216 978 xiib.

405 1002 445 1066 In
461 1004 575 1068 codem
590 1006 809 1090 parlearuento
823 1009 1031 1094 impetratum
1048 1021 1099 1077 est
1117 1012 1215 1079 breve
1231 1014 1355 1080 domini
1371 1017 1469 1102 Regis
1492 1017 1564 1082 the·

361 1105 501 1170 saurario
517 1116 551 1170 et
564 1107 740 1174 baronibus
764 1111 805 1175 de
820 1111 986 1178 Seaccario
1009 1135 1069 1200 pro
1093 1125 1256 1181 attorncto
1278 1119 1475 1204 recipiendo,
1502 1119 1563 1184 sub

359 1206 420 1272 hac
434 1208 602 1273 forma:-

403 1311 582 1376 Edwardus
609 1313 673 1378 Dei
697 1314 810 1398 gratim
831 1323 893 1380 etc.
915 1316 1129 1385 Thesaurario
1161 1331 1196 1386 ct
1225 1322 1402 1389 baronibus
1430 1325 1498 1390 ruis
1524 1325 1564 1392 de

361 1412 526 1479 Scaoccrio
550 1416 699 1481 salutem.
744 1417 943 1483 Mandemus
966 1419 1061 1486 vobis
1087 1423 1175 1506 quod
1201 1434 1382 1491 attornatos
1408 1450 1489 1512 quos
1516 1429 1566 1492 di-

359 1515 462 1579 lectus
477 1516 574 1580 nobis
588 1517 623 1580 in
639 1517 772 1582 Christo
787 1518 887 1582 abbas
903 1519 944 1584 de
959 1521 1070 1606 Burgo
1087 1525 1190 1588 sancti
1203 1525 1291 1589 Petri
1305 1527 1378 1590 loeo
1390 1550 1450 1592 suo
1464 1539 1566 1593 attor-

360 1638 438 1681 nare
460 1618 601 1683 voluerit
625 1640 684 1703 per
706 1619 832 1684 litteras
855 1643 930 1685 suas
954 1631 1103 1707 patentes
1119 1624 1161 1688 ad
1183 1625 1349 1692 libertates
1364 1650 1439 1692 suas
1455 1652 1565 1694 coram

360 1718 454 1783 vobis
477 1720 513 1784 in
540 1721 705 1786 Scaccario
720 1723 866 1806 predicto
889 1725 1154 1810 calumpniandas
1176 1738 1211 1792 ct
1235 1729 1467 1810 defendendas,
1492 1733 1565 1798 loco

360 1822 463 1906 ipsius
478 1821 604 1888 abbatis
619 1824 660 1889 ad
684 1824 746 1889 hoc
764 1825 925 1910 recipietis
945 1827 1006 1892 hae
1019 1827 1101 1910 vice,
1123 1830 1164 1894 de
1178 1831 1280 1916 gratia
1294 1842 1406 1898 nostre
1422 1834 1566 1918 speciali.

360 1925 458 1990 'Iestc
473 1935 535 1990 etc.
570 1945 571 1949 ’

404 2029 607 2115 [Inquisicio
621 2030 705 2094 lacte
719 2030 753 2094 in
768 2052 868 2117 regno
884 2053 983 2119 super
996 2033 1139 2098 articulis
1155 2035 1378 2123 infrascriptis.

405 2132 615 2219 Respondcre
630 2133 750 2198 debent
764 2135 872 2200 Jurati
887 2136 927 2201 de
943 2136 1079 2222 singulis
1089 2138 1299 2224 Wapentacis
1313 2151 1348 2205 et
1365 2139 1566 2206 Hundredis.

405 2235 496 2302 Quot
510 2236 586 2300 ville
600 2246 678 2300 sunt
690 2237 725 2301 in
739 2239 924 2323 wapentaoa
947 2249 981 2303 et
994 2239 1176 2320 hundredo,
1191 2251 1226 2306 et
1246 2263 1320 2327 quc,
1335 2251 1369 2306 et
1390 2245 1488 2307 etiam
1504 2265 1567 2328 quc

362 2347 440 2403 sunt
456 2337 645 2418 Gildebiles,
660 2349 770 2426 etque
785 2364 864 2421 non,
887 2350 921 2406 et
942 2340 969 2405 si
985 2350 1089 2405 status
1104 2362 1214 2406 earum
1230 2353 1385 2424 mutetur,
1400 2354 1434 2409 et
1457 2367 1477 2407 a
1502 2365 1567 2429 quo

361 2451 519 2528 tempore,
535 2442 639 2527 etqui
654 2464 708 2506 cas
723 2451 848 2506 tenent.

406 2545 492 2609 Item
511 2545 552 2609 de
566 2545 671 2610 feodis
686 2545 826 2610 militurn
841 2566 904 2630 que
926 2553 1079 2610 tenentur
1101 2545 1142 2611 de
1158 2547 1247 2633 Rege
1261 2546 1296 2611 in
1311 2549 1428 2634 capite,
1450 2550 1506 2634 qui
1529 2573 1567 2614 ea

363 2656 486 2725 tenent,
501 2657 536 2712 et
550 2647 584 2712 in
600 2647 717 2733 quibus
733 2648 828 2728 villis,
843 2657 877 2712 et
896 2647 952 2733 qui
967 2655 1047 2712 sunt
1061 2657 1212 2714 tenentes
1226 2650 1288 2730 sui,
1303 2663 1337 2717 et
1359 2651 1417 2716 ubi
1432 2653 1508 2734 sint,
1530 2663 1569 2718 ut

363 2749 483 2816 sciatur
508 2749 565 2814 ubi
589 2750 847 2836 distringendum
877 2751 921 2816 sit
948 2772 1008 2836 pro
1037 2753 1174 2818 servicio
1195 2753 1294 2841 Regis
1322 2756 1410 2840 quod
1434 2779 1453 2820 a
1477 2767 1567 2821 retro

362 2853 470 2919 fucrit.

407 2957 493 3021 Item
507 2957 691 3042 cujusmodi
713 2958 858 3023 redditus
872 2981 1001 3023 annuus
1017 2958 1153 3024 debetur
1175 2959 1215 3023 de
1231 2959 1366 3044 singulm
1381 2959 1466 3024 villis
1480 2960 1567 3024 vice·

363 3057 546 3138 comitibus,
562 3068 630 3122 tam
645 3060 686 3122 ad
701 3068 834 3124 turnum
848 3061 1048 3126 vicecomitis
1063 3083 1162 3146 quam
1173 3060 1214 3123 ad
1225 3061 1333 3125 visum
1344 3061 1447 3124 franci
1459 3061 1568 3145 plegii,

363 3182 422 3226 scu
436 3182 640 3246 quocumque
655 3161 718 3226 alio
733 3163 830 3227 modo
846 3184 909 3248 que
934 3161 1096 3249 pertinere
1119 3159 1241 3227 debent
1264 3161 1307 3225 ad
1331 3161 1458 3226 firmam
1482 3161 1567 3227 vice·

362 3263 530 3342 comitum,
544 3272 579 3328 et
600 3264 749 3330 similiter
770 3264 811 3329 de
826 3264 1042 3330 advocacione
1056 3261 1275 3342 ecclesiarum,
1298 3263 1326 3328 si
1348 3285 1412 3348 qua
1435 3263 1489 3342 sit,
1505 3285 1567 3349 que

362 3365 403 3430 ad
419 3366 541 3452 Regem
556 3365 718 3452 pertinere
734 3365 861 3432 debeat.

407 3469 492 3546 Item
507 3477 666 3554 quantum
680 3477 867 3555 wapentaea
881 3477 915 3533 ct
929 3467 1135 3533 hundredum
1150 3466 1277 3533 solebat
1291 3467 1378 3536 dere.

407 3573 492 3638 Item
502 3581 661 3657 quantum
677 3572 814 3658 quilibet
827 3582 1022 3658 wapentsca,
1035 3572 1104 3638 sive
1113 3571 1319 3637 hundredum
1331 3573 1387 3637 dat
1401 3593 1460 3659 pro
1475 3573 1568 3637 firma

363 3677 414 3741 sui
429 3686 613 3763 wapentccc
627 3675 696 3741 sire
710 3675 872 3742 hundredi
886 3698 985 3741 nunc.

409 3779 494 3844 Item
508 3779 543 3844 in
558 3777 677 3864 quibus
692 3779 790 3845 rebus
804 3787 838 3843 ct
860 3777 1041 3842 redditibus
1057 3786 1092 3842 et
1114 3776 1301 3862 perquisitis
1326 3777 1420 3842 firma
1439 3799 1568 3863 wapen-

364 3891 435 3946 tacc
451 3903 509 3946 seu
523 3882 684 3948 hundredi
699 3881 859 3960 consistit,
875 3902 933 3947 scu
948 3880 1126 3947 consistere
1140 3881 1277 3963 solebat,
1293 3903 1351 3947 reu
1372 3883 1498 3948 levatur
1512 3891 1570 3948 aut

365 3982 465 4048 leuari
478 3983 658 4048 consuevit.

409 4084 495 4149 Item
519 4086 560 4150 de
585 4088 741 4171 peccunia
766 4111 863 4172 quarn
892 4088 1098 4154 vicecomites
1127 4099 1322 4174 receperunt
1350 4089 1391 4154 de
1420 4090 1569 4175 personis

367 4197 480 4254 contra
495 4195 617 4252 statuta
632 4188 756 4253 domini
771 4191 880 4275 Regis,
895 4200 929 4256 ct
944 4189 984 4256 de
999 4191 1118 4276 quibus
1132 4193 1294 4277 personis,
1309 4201 1342 4258 ot
1356 4202 1526 4278 quantum.

412 4311 527 4358 chun.
544 4308 618 4354 soc.
1105 4339 1106 4342 ,
1375 4314 1395 4356 r
