3812 5030
608 605 819 653 canonicos
836 609 1167 656 nnnnosunonnsn
1448 602 1487 659 55

333 752 417 818 Item
438 754 500 820 hoc
522 777 608 820 anno
628 766 755 823 motum
781 760 844 824 fuit
868 760 1024 846 placitum
1048 784 1156 827 coram
1179 762 1367 848 justiciariis
1392 764 1488 831 itine-

287 857 435 923 rantibus
460 858 496 923 iu
525 860 683 926 comitatu
705 861 876 928 Lincolnie
904 863 991 930 inter
1015 863 1166 930 abbatem
1189 865 1229 930 de
1256 866 1424 952 Barlinges
1454 877 1490 932 et

286 960 437 1026 abbatem
461 963 502 1028 de
532 964 653 1049 Burgo‚
675 966 767 1049 cujus
794 988 967 1051 processus
996 966 1181 1036 invenietur
1209 967 1244 1032 in
1273 967 1357 1034 libro
1387 969 1486 1054 placi-

285 1073 404 1129 torum.
628 1127 629 1130 ,

327 1169 535 1252 Nich(o)laus
549 1170 802 1236 molendinarius
819 1171 859 1237 de
874 1171 1000 1236 Estona
1015 1172 1134 1236 occidit
1149 1172 1331 1238 Robertum
1346 1173 1387 1239 de
1402 1175 1483 1240 Ber-

283 1272 403 1338 listona
425 1294 502 1338 cum
528 1274 666 1359 quadam
685 1275 789 1338 hecha
813 1274 849 1337 in
873 1273 951 1338 villa
974 1275 1014 1338 de
1039 1274 1256 1340 Medebume.
1301 1277 1347 1340 Et
1372 1277 1483 1342 statim

282 1385 359 1463 post
383 1378 506 1440 factum
521 1376 639 1460 'posuit
663 1399 697 1441 sc
722 1377 758 1440 in
781 1377 951 1442 ecclesiam
975 1377 1016 1441 de
1044 1376 1249 1444 Medeburne
1272 1389 1307 1444 et
1330 1379 1483 1464 cognovit

282 1503 318 1546 se
332 1501 404 1544 esse
418 1479 576 1542 latronem
589 1489 626 1542 et
639 1476 799 1562 abjuravit
813 1499 950 1562 regnum
970 1499 1079 1542 coram
1100 1478 1313 1545 Coronatore.
1359 1481 1483 1546 Catella

281 1583 352 1667 ejus
366 1581 444 1644 xxii.
467 1579 601 1658 denarii,
625 1580 713 1643 unde
738 1579 838 1644 abbas
867 1580 908 1643 de
933 1580 1044 1664 Burgo
1067 1580 1254 1665 respondet.
1299 1582 1345 1646 Et
1359 1582 1422 1646 fuit
1445 1583 1481 1646 in

281 1685 426 1748 decenne
437 1681 567 1747 Ricardi
575 1681 605 1745 le
618 1682 756 1745 Paumer
769 1682 833 1764 (de)
847 1681 1116 1766 Homingvolda,
1125 1683 1181 1768 qui
1190 1683 1289 1748 modo
1299 1706 1366 1748 non
1381 1683 1480 1748 habet

279 1786 388 1870 ipsum
415 1785 523 1852 standi
547 1793 648 1850 recto.
703 1784 783 1849 ldeo
808 1785 843 1848 in
868 1785 1099 1850 misericordia.
1142 1787 1189 1850 Et
1213 1785 1290 1851 villa
1320 1786 1361 1850 de
1385 1786 1479 1850 Holt.

280 1891 406 1954 Estona
429 1911 496 1953 non
510 1888 601 1953 venit
626 1889 667 1953 ad
689 1887 938 1972 inquisicionem
961 1909 1069 1953 coram
1095 1897 1295 1953 coronatore.
1342 1888 1422 1952 ldeo
1444 1889 1479 1952 in

279 1991 508 2057 misericordia.
563 1991 608 2054 Et
633 1991 688 2054 xii.
719 1990 820 2075 jurati
852 1991 1102 2056 concelaverunt
1131 1990 1277 2075 predicta
1306 1991 1421 2056 catella
1442 1991 1477 2054 in

278 2095 442 2159 veredicto
458 2115 538 2173 su03
561 2093 634 2158 ideo
648 2090 682 2156 in
698 2092 918 2157 misericordia
933 2102 966 2156 et
981 2101 1097 2157 cetera.

321 2197 373 2262 De
387 2197 499 2261 villata
513 2197 554 2261 de
568 2197 696 2260 Estona
712 2196 766 2259 xl.
781 2195 887 2259 solidi.

47 2287 263 2353 mmm)
319 2300 534 2379 lM⁰cc⁰lxxx⁰
549 2299 702 2363 secundo.

47 2399 118 2464 (sot.
131 2403 250 2468 acrem.)
320 2402 361 2466 In
384 2403 469 2466 sesto
484 2399 761 2464 Annunciacionis
776 2398 871 2463 beate
886 2398 1041 2483 Virginis,
1062 2399 1171 2463 David
1196 2401 1295 2465 frater
1316 2400 1473 2464 Lewelini

276 2504 431 2590 principis
446 2501 563 2566 Wallie
578 2511 612 2565 et
626 2499 800 2584 complices
816 2499 867 2563 sui
889 2519 947 2583 per
968 2499 1131 2584 quandam
1152 2500 1350 2566 sedicionem
1364 2524 1476 2568 move-

275 2616 353 2672 runt
366 2625 513 2693 guerram
528 2612 641 2670 contra
662 2623 770 2688 regem
785 2602 912 2688 Anglie,
929 2601 1141 2686 infringentes
1163 2613 1296 2690 pactum
1318 2605 1473 2670 intereos

275 2709 470 2786 conlectum,
500 2707 593 2791 cujus
618 2713 714 2770 tenor
743 2725 841 2790 supra
872 2713 1014 2784 notatur,
1038 2704 1199 2787 videlicet,
1223 2729 1309 2773 anno
1338 2707 1474 2778 Domini

276 2811 517 2876 M⁰cc⁰lxx⁰vii⁰.
532 2809 565 2872 in
581 2809 665 2874 festo
687 2807 791 2872 sancti
806 2807 951 2871 Martini
997 2808 1095 2872 Unde
1114 2809 1266 2874 dominus
1289 2831 1346 2873 rex
1369 2810 1473 2875 movit

275 2914 470 2979 excercitum
485 2932 599 2976 versus
614 2909 767 2974 Walliam
782 2916 895 2971 contra
910 2907 1014 2972 dictos
1037 2907 1172 2974 rebelles
1195 2921 1229 2975 ct
1250 2910 1471 2976 malefactores

274 3037 360 3090 suos,
377 3025 411 3078 et
424 3013 501 3078 lecit
515 3011 713 3097 proclamare
735 3010 864 3095 puplice
887 3031 946 3095 per
959 3018 1066 3074 totum
1089 3033 1225 3096 regnum
1244 3012 1332 3096 quod
1357 3033 1470 3076 omnes

272 3117 318 3180 illi
348 3115 403 3200 qui
425 3115 466 3179 de
490 3114 563 3199 ipso
588 3122 766 3177 tenuerunt
788 3112 823 3175 in
853 3111 957 3196 capite
982 3135 1040 3196 per
1069 3113 1239 3177 servicium
1270 3112 1407 3177 militare
1437 3125 1470 3178 et

271 3218 327 3304 qui
341 3218 382 3282 ad
401 3217 560 3303 portanda
577 3235 666 3278 arma
688 3223 839 3299 potentes
861 3214 1046 3291 extiterant,
1062 3235 1135 3278 cum
1151 3213 1243 3298 equis
1265 3223 1299 3277 et
1317 3215 1414 3279 armis
1437 3227 1471 3280 et

271 3319 405 3385 servicio
430 3340 490 3383 suo
514 3317 577 3382 sibi
606 3316 717 3382 debito
741 3317 910 3382 venissent
939 3315 1059 3379 ibidem
1090 3337 1201 3380 secum
1226 3315 1404 3400 profecturi
1432 3317 1467 3380 in

270 3419 514 3505 expedicionem
529 3439 621 3482 suam
644 3427 758 3484 contra
779 3419 943 3504 predictos
966 3418 1187 3483 malefactores
1203 3429 1364 3484 eteorum
1380 3441 1470 3485 com-

268 3523 380 3609 plices,
405 3532 440 3587 et
465 3521 511 3586 sic
533 3522 725 3607 generaliter
748 3521 856 3606 exegit
879 3521 1052 3586 servicium
1078 3543 1185 3600 suurn,
1211 3531 1246 3587 et
1270 3521 1468 3606 quibusdam

269 3627 419 3713 specialia
447 3624 557 3690 brevio
586 3625 767 3688 transmisit
794 3646 855 3709 pro
885 3625 1010 3689 eodem.
1057 3625 1141 3690 item
1171 3625 1248 3689 lecit
1271 3624 1469 3708 proclamare

269 3728 356 3814 quod
371 3727 565 3812 quicumque
579 3727 620 3791 de
635 3747 735 3811 regno
750 3725 867 3810 Anglie
882 3724 1016 3790 haberet
1030 3725 1162 3810 triginta
1178 3725 1311 3790 libratas
1326 3733 1410 3789 terre
1431 3726 1467 3789 in

268 3830 382 3894 eodem
408 3851 508 3914 regno
522 3828 708 3914 provideret
722 3825 785 3891 sibi
799 3826 840 3890 ad
857 3827 1010 3891 maiorem
1025 3826 1128 3911 ipsius
1143 3826 1235 3911 regni
1258 3826 1465 3891 securitatem

268 3940 304 3995 et
315 3953 374 4016 pro
389 3931 528 3996 comodo
541 3932 732 4010 incolarum,
747 3929 837 4015 quod
850 3950 891 3993 ex
908 3929 971 3994 hoc
990 3929 1037 3994 eis
1053 3929 1174 4014 poterit
1188 3929 1328 4007 evenire,
1344 3928 1383 3994 dc
1398 3951 1465 3994 uno

268 4053 352 4118 equo
366 4033 443 4098 forti
457 4043 492 4098 et
510 4033 707 4119 competenti
729 4032 771 4096 ad
794 4053 894 4112 arma,
909 4053 1062 4096 unacum
1086 4031 1257 4096 armaturis
1279 4039 1466 4116 competen-

268 4133 356 4198 tibus
379 4134 420 4198 ad
440 4135 592 4214 eundem,
612 4135 717 4220 quiin
731 4133 859 4198 casibus
879 4133 1118 4219 emergentibus
1134 4133 1197 4198 sibi
1212 4133 1331 4197 servire
1345 4131 1467 4217 poterit

270 4237 423 4323 quociens
438 4237 483 4302 sit
497 4257 639 4302 necesse.
683 4237 731 4302 Et
745 4235 897 4301 dominus
920 4236 1020 4300 abbas
1034 4237 1112 4301 lecit
1131 4235 1230 4300 finem
1250 4255 1310 4318 pro
1325 4233 1466 4318 quinque
