3812 5030
405 603 446 660 ‘22
727 615 939 664 crraourcorv
957 617 1282 662 rnrnoauncausa.

404 770 524 834 feofsre
540 770 697 855 quosdam
720 770 885 856 religiosos
902 769 972 834 sine
998 790 1132 833 assensu
1159 767 1281 832 domini
1307 767 1404 848 feodi,
1428 767 1480 833 cui
1501 767 1606 832 dictus

408 871 508 957 Hugo
522 881 560 935 ut
577 872 729 936 dominus
745 872 842 952 feodi,
858 871 968 936 accitis
992 872 1186 957 quibusdam
1202 872 1242 936 de
1262 871 1409 935 libertate
1425 869 1551 935 abbatis
1574 880 1607 936 et

407 973 599 1058 quibusdam
612 974 692 1054 aliis,
708 997 782 1038 cum
798 997 897 1038 uranu
912 983 1034 1038 armata
1049 974 1209 1052 obviavit3
1236 995 1301 1059 quo
1323 995 1399 1038 casu
1414 973 1544 1058 quidam
1567 975 1608 1038 de

406 1076 554 1141 libertate
576 1077 703 1141 abbatis
725 1077 814 1142 etde
837 1087 927 1163 parte
943 1077 1021 1141 dicti
1038 1077 1181 1162 magistri
1199 1077 1332 1140 Henrici
1347 1077 1393 1141 ibi
1418 1077 1606 1141 interfectus

407 1190 468 1245 est.
514 1181 617 1266 Cujus
633 1203 715 1246 uxor
738 1203 796 1267 per
818 1181 988 1246 consilium
1014 1181 1093 1245 dicti
1108 1181 1253 1266 magistri
1278 1180 1313 1244 in
1329 1180 1497 1246 Comitatu
1520 1180 1607 1264 spud

407 1281 678 1349 Norbamtoniam
693 1306 796 1370 usque
816 1285 857 1347 ad
872 1284 963 1349 xxix.
978 1285 1128 1348 homines
1150 1285 1190 1348 de
1212 1283 1359 1349 libertate
1371 1284 1545 1369 appellavit
1566 1283 1607 1348 de

407 1386 526 1451 felonia
540 1409 600 1472 pro
615 1397 720 1453 morte
728 1388 789 1452 viri
805 1387 866 1466 sui,
878 1410 960 1472 quos
972 1387 1166 1453 senescallus
1179 1398 1257 1452 tunc
1272 1388 1426 1473 magister
1444 1386 1607 1452 Robertus

408 1489 449 1554 de
465 1489 612 1570 Scefeud,
628 1492 806 1556 secundum
822 1501 968 1556 tenorem
977 1499 1135 1555 cartarum
1151 1499 1334 1554 nostrarum
1344 1490 1384 1554 de
1393 1489 1606 1568 libertatibus,

408 1594 448 1657 ad
474 1595 639 1679 prisonam
662 1605 806 1659 nostram
830 1595 1023 1660 vendicavit.
1069 1595 1115 1658 Et
1139 1603 1216 1678 post
1235 1593 1354 1658 multas
1369 1593 1607 1672 altercaciones,

407 1695 545 1778 labores,
560 1707 593 1762 et
621 1719 780 1782 expensas
806 1697 959 1783 optinuit.
1004 1697 1108 1782 Cujus
1135 1696 1181 1760 rei
1205 1719 1301 1761 causa
1325 1697 1505 1762 vicecomes
1529 1707 1608 1760 tunc

411 1798 578 1863 Gilbertus
590 1799 631 1863 de
647 1798 794 1884 Kirkeby
810 1807 881 1863 toto
892 1798 1009 1862 annisu
1024 1799 1111 1883 cepit
1126 1799 1291 1884 malignari
1306 1809 1419 1864 contra
1432 1799 1608 1864 libertates.

410 1901 556 1965 Tandem
584 1901 642 1965 lite
667 1901 831 1985 pendente
857 1911 891 1964 et
916 1901 1011 1964 dictis
1037 1900 1223 1985 prisonibus
1253 1923 1376 1966 moram
1405 1902 1608 1966 trahentibus

411 2003 498 2088 apud
513 2004 657 2089 Burgum
677 2005 711 2066 in
727 2003 873 2068 custodia
895 2003 1087 2067 ballivorum
1111 2003 1236 2067 abbatis
1261 2027 1279 2068 a
1300 2005 1384 2069 festo
1410 2005 1496 2070 beati
1519 2006 1609 2069 Mar·

411 2106 471 2171 tini
497 2128 600 2192 usque
630 2108 845 2171 Pentecosten
871 2107 1020 2190 proximo
1047 2127 1196 2191 sequens,
1221 2107 1261 2171 ad
1286 2108 1503 2192 sugestionem
1531 2108 1609 2173 dicti

410 2210 609 2275 vicecomiti·
624 2231 676 2275 res
692 2231 799 2275 coram
816 2209 948 2274 domino
963 2231 1036 2295 rege
1051 2218 1084 2274 et
1104 2209 1239 2275 consilio
1254 2233 1313 2275 suo
1328 2210 1467 2275 deducta
1477 2220 1538 2290 est,
1553 2211 1610 2276 ubi

411 2324 487 2397 post
511 2315 630 2378 multas
656 2313 909 2398 disceptaciones
931 2313 1016 2377 inter
1038 2313 1111 2378 illos
1133 2315 1173 2378 de
1198 2313 1344 2392 consilio,
1368 2314 1519 2378 dominus
1542 2337 1609 2396 rex,

411 2417 521 2482 audito
536 2427 648 2482 tenore
663 2426 822 2481 cartarum
838 2425 1035 2497 nostrarum,
1052 2416 1171 2481 dictem
1194 2415 1378 2481 libertatem
1402 2419 1563 2482 concessit
1577 2427 1610 2482 et

410 2521 511 2584 cauti
527 2519 626 2584 libere
637 2521 804 2605 permisit3
828 2519 926 2584 breve
941 2543 1036 2584 suum
1047 2520 1230 2585 vicecomiti
1241 2520 1381 2605 dirigens
1397 2543 1494 2606 super
1505 2521 1610 2607 inqui-

412 2622 532 2686 sicione
557 2623 704 2686 facienda
719 2633 752 2686 et
771 2622 967 2687 liberacione
991 2623 1149 2688 dictorum
1173 2623 1341 2708 prisonum
1357 2625 1444 2709 apud
1464 2623 1610 2710 Burgum

410 2732 490 2788 tunc
504 2724 717 2789 existencium
732 2726 767 2789 in
783 2725 886 2789 forma
896 2725 989 2809 juris.

456 2828 531 2892 Hoc
540 2850 626 2893 anno
638 2829 725 2914 apud
737 2829 859 2893 dictum
869 2829 1115 2914 parliamentum
1127 2839 1204 2914 post
1213 2830 1346 2893 multam
1360 2832 1610 2896 controversiam

411 2929 556 2995 habitam
571 2932 656 2996 inter
670 2932 839 2996 dominum
854 2931 1017 2996 Abbatem
1033 2943 1181 3018 agentem
1197 2954 1257 3019 pro
1272 2933 1407 2999 servicio
1422 2935 1453 2998 ii.
1470 2935 1610 3000 militum

258 3064 309 3108 p„
318 3061 399 3122 my.
411 3035 608 3100 velduorum
619 3035 804 3116 feudorum,
813 3045 847 3100 ct
856 3035 1025 3101 dominum
1032 3035 1215 3100 Galfridum
1225 3035 1265 3100 de
1277 3037 1359 3102 Luci
1372 3038 1611 3117 defendentem,

412 3161 518 3206 coram
532 3139 720 3226 justiciariis
738 3140 778 3204 de
791 3141 912 3220 Becco,
929 3139 1062 3219 scilicet,
1072 3139 1226 3226 magistro
1238 3142 1365 3226 Rogero
1381 3142 1421 3206 de
1432 3141 1563 3206 Seitona
1578 3154 1612 3206 et

413 3245 509 3310 sociis
525 3245 604 3323 suis,
618 3245 703 3308 facta
717 3244 850 3309 tandem
865 3244 1089 3330 recognicione
1104 3245 1202 3309 unius
1218 3245 1305 3310 feodi
1320 3255 1353 3310 et
1374 3245 1611 3325 irrotulacione,

412 3349 488 3412 fecit
511 3347 696 3431 homagium
723 3356 756 3410 et
779 3347 977 3412 fidelitatem.
1021 3348 1068 3411 Et
1084 3347 1261 3412 invadiavit
1279 3348 1431 3412 relevium
1456 3347 1496 3412 de
1520 3358 1612 3413 tanto

413 3459 612 3526 tenement0,
626 3460 660 3513 et
674 3449 752 3513 fecit
766 3449 970 3514 securitatem
986 3449 1026 3512 de
1042 3451 1200 3534 areragiis.

272 3556 400 3618 Homagu.
459 3551 619 3614 Fecerunt
647 3550 796 3633 homagia
820 3551 883 3614 hoc
907 3571 993 3614 anno
1017 3549 1102 3613 filius
1130 3549 1292 3614 Guidonis
1322 3550 1362 3614 de
1388 3549 1546 3614 Watervil
1571 3553 1612 3617 ad

414 3653 606 3717 instanciam
628 3651 772 3736 magistri
788 3652 905 3738 Rogeri
921 3652 961 3716 de
985 3652 1118 3717 Seitona
1141 3661 1174 3716 et
1194 3651 1316 3716 domini
1343 3650 1480 3717 Galfridi
1496 3653 1613 3719 Russel
1718 3698 1721 3704 -

414 3778 474 3842 pro
498 3766 583 3820 terra
606 3753 646 3820 de
676 3754 853 3830 Overtonc,
884 3763 974 3840 patre
1000 3755 1129 3819 vivente
1159 3765 1192 3819 et
1219 3755 1358 3819 favente.
1415 3755 1500 3819 Item
1526 3755 1612 3822 filius

414 3857 571 3922 Willelmi
586 3858 627 3921 de
643 3856 797 3921 Waltona
812 3856 907 3920 simili
925 3857 1032 3922 modo.
1078 3857 1241 3922 Robertus
1266 3855 1380 3943 Milay.
1422 3859 1612 3944 Radulphus

416 3961 507 4026 Paris
518 3961 558 4024 de
571 3959 834 4046 Hybaldestowe.
871 3959 1028 4024 Ricardus
1044 3959 1195 4025 dominus
1211 3961 1251 4024 de
1269 3957 1407 4024 Bemak.
1444 3960 1612 4028 Johannes

416 4064 600 4130 Portehors.
624 4062 901 4128 GalfridusTreih.
924 4063 1194 4128 RicardusTreili.
1218 4064 1612 4147 RogerusdeKirketona.

415 4168 577 4235 Dominus
585 4165 775 4252 Radulphus
786 4165 984 4252 deCamoys.
1007 4165 1342 4232 DominusJohannes
1355 4168 1394 4233 de
1401 4168 1612 4254 Helpestona.
