3938 5022
688 674 901 721 cnaonrcon
920 675 1246 720 rurnosrrnesnss.
1510 654 1570 718 115

413 825 499 890 Item
514 825 592 890 dicti
607 826 716 892 ballivi
731 850 798 892 non
821 829 1014 912 permittunt
1035 827 1171 892 ballivos
1187 826 1312 891 abbatis
1328 827 1434 890 levare
1449 825 1570 910 aliquid

369 929 409 992 de
424 928 604 994 redditibus
619 931 729 995 assisis
745 952 808 1016 que
823 931 863 994 ad
880 931 1049 995 dominum
1066 932 1188 1016 Regem
1203 930 1378 1016 pertinent,
1393 938 1432 992 ut
1447 929 1487 992 de
1504 949 1568 993 ser·

364 1032 488 1118 jantiis,
502 1034 644 1114 essartis,
660 1035 765 1100 warda
780 1035 820 1100 de
833 1035 1049 1120 Rokingharn,
1059 1033 1186 1099 auxiliis
1195 1033 1435 1111 vicecomitum,
1446 1032 1568 1096 visibus

369 1133 468 1197 franci
483 1134 590 1220 plegii,
606 1136 713 1213 sectis,
728 1145 762 1200 et
776 1135 846 1199 aliis
862 1136 902 1198 ad
918 1136 1086 1200 dominum
1104 1137 1225 1220 Regem
1241 1133 1473 1220 spectantibus.

145 1261 295 1324 maasia.
308 1265 354 1331 η)
409 1241 423 1316 l
435 1235 540 1322 Super
561 1239 726 1323 premissis
755 1239 897 1304 articulis
920 1239 1128 1324 impetratum
1160 1238 1223 1302 fuit
1244 1260 1358 1304 versus
1387 1237 1569 1325 predictum

366 1339 518 1404 comitem
533 1339 630 1406 breve
646 1340 707 1406 sub
722 1343 783 1406 hac
796 1342 900 1406 forma
912 1367 965 1406 2-

409 1443 589 1508 Edvardus
605 1445 669 1509 Dei
683 1445 786 1530 gratia
805 1455 867 1509 etc.
882 1444 1064 1509 vicecomiti
1088 1443 1327 1509 Norhamtonie
1342 1442 1489 1506 salutem.
1534 1441 1570 1506 Si

366 1544 465 1610 abbas
481 1547 522 1610 de
537 1547 647 1632 Burgo
663 1547 767 1610 sancti
783 1546 870 1611 Petri
884 1548 996 1611 fecerit
1017 1556 1051 1610 te
1067 1567 1216 1611 securum
1232 1547 1272 1610 de
1288 1545 1404 1610 clamio
1420 1566 1480 1610 suo
1494 1565 1570 1628 pro-

367 1649 551 1734 sequend03
576 1659 656 1714 tunc
676 1659 881 1714 summonete
896 1670 954 1735 per
968 1649 1074 1714 bonos
1101 1640 1354 1712 summonitores
1382 1645 1569 1714 Gilbertum

367 1751 406 1815 de
434 1752 539 1831 Clare,
568 1752 721 1817 comitem
747 1752 951 1817 Gloucestrie
980 1763 1014 1817 et
1046 1751 1230 1832 Herfordie,
1261 1751 1350 1837 quod
1384 1751 1428 1815 sit
1461 1771 1568 1816 coram

362 1853 548 1938 justiciariis
564 1853 684 1918 nostris
699 1855 740 1918 ad
755 1855 892 1940 primam
908 1855 1053 1934 assisam,
1063 1877 1137 1919 cum
1152 1853 1186 1918 in
1202 1864 1310 1940 partes
1324 1853 1395 1918 illas
1410 1845 1569 1930 venerint,

366 1965 558 2021 ostensurus
588 1977 686 2040 quare
715 1978 789 2022 cum
818 1957 906 2022 idem
936 1957 1036 2022 abbas
1060 1957 1188 2022 racione
1218 1967 1292 2022 octo
1325 1955 1568 2022 hundredorum

146 2069 303 2148 lanstanet
367 2081 500 2123 suorum
515 2081 577 2144 que
592 2059 626 2123 in
649 2059 805 2123 comitatu
831 2061 977 2145 predicto
993 2061 1033 2125 de
1047 2060 1143 2126 nobis
1169 2070 1262 2126 tenet
1280 2061 1314 2125 in
1331 2060 1448 2144 capite,
1462 2057 1569 2121 visum

147 2133 252 2197 (ΡΨ)
365 2163 467 2227 franci
484 2163 603 2248 (plegii)
621 2163 661 2228 de
677 2163 864 2228 hominibus
889 2164 1026 2248 predicti
1048 2164 1177 2229 comitis
1193 2165 1234 2229 de
1252 2163 1395 2229 Bartona
1421 2161 1567 2239 Hanred,

367 2266 515 2331 Burtona
535 2267 632 2352 juxta
652 2266 841 2344 Craneford,
865 2267 1044 2352 'lingdene
1067 2267 1258 2346 Craneford,
1273 2267 1461 2351 Adingtona
1473 2265 1569 2350 juxta

368 2367 634 2453 Irtlingburgum,
668 2367 845 2432 Wodeford
897 2369 992 2453 juxte
1038 2367 1138 2454 lslep,
1183 2369 1342 2448 Lufwike,
1390 2366 1568 2445 Deneford,

366 2470 551 2550 Aldewicle,
575 2480 609 2535 et
641 2471 853 2556 Trapestona,
876 2470 959 2534 infra
984 2471 1150 2555 precinctu
1176 2471 1395 2556 predictorum
1427 2469 1569 2533 hundre-

146 2581 339 2658 Emeauaeanz·
368 2572 484 2637 dorum
521 2573 658 2658 predicti
695 2573 821 2638 abbatis
858 2573 1146 2652 commorantibus,
1186 2573 1284 2639 simul
1320 2595 1394 2638 cum
1433 2571 1570 2638 emenda

144 2661 293 2772 ffl‘m
368 2677 660 2762 transgressionum
675 2699 733 2763 per
754 2677 844 2763 ipsos
867 2677 1017 2742 homines
1043 2687 1156 2743 contra
1180 2678 1298 2742 assises
1323 2677 1417 2764 panis
1442 2685 1477 2741 et
1502 2696 1570 2740 cer-

144 2775 312 2852 Ρῑωὲἓῦῗθῑῆῑ
367 2777 447 2842 visie
476 2779 633 2843 factarum
663 2778 792 2859 habere,
829 2789 864 2843 et
898 2779 1054 2864 placitum
1083 2780 1175 2845 vetiti
1214 2779 1314 2844 namii
1350 2777 1568 2864 predictorum

145 2855 305 2968 bellivagi.
367 2881 537 2946 hominum
566 2882 704 2968 predicti
728 2883 856 2948 comitis
882 2892 992 2948 tenere
1015 2893 1049 2946 et
1074 2883 1236 2968 placitare,
1262 2883 1371 2948 debita
1393 2891 1506 2947 nostra
1529 2882 1569 2946 de

145 2969 253 3018 lennes.
366 2983 490 3048 eisdem
504 2983 692 3047 hominibus
707 3005 766 3068 per
780 2983 1071 3048 summonicionem
1088 2985 1244 3050 Scaccarii
1266 2984 1371 3048 nostri
1395 2984 1513 3060 levare,
1536 2991 1570 3044 et

367 3085 577 3150 execuciones
600 3085 747 3150 brevium
771 3097 959 3150 nostrorum
984 3087 1087 3150 facere
1112 3086 1238 3165 debeat,
1263 3087 1347 3149 sicut
1372 3084 1504 3148 abbates
1529 3083 1569 3146 de

367 3188 478 3272 Burgo
493 3188 596 3252 sancti
613 3188 700 3252 Petri
715 3187 958 3273 predecessores
976 3187 1118 3272 'predicti
1145 3186 1271 3252 abbatis
1297 3209 1356 3272 per
1378 3197 1482 3250 cartas
1496 3205 1569 3269 pre-

367 3291 574 3355 decessorum
588 3300 774 3355 nostrorum
789 3313 901 3376 regum
916 3291 1044 3376 Anglie,
1059 3313 1139 3376 quas
1153 3291 1239 3356 idem
1255 3291 1354 3356 abbas
1369 3289 1444 3355 inde
1459 3288 1569 3367 habet,

366 3393 552 3479 hujusmodi
582 3393 690 3460 visum
720 3403 754 3458 et
782 3393 935 3458 emendas
964 3395 1005 3459 de
1033 3395 1188 3481 predictis
1216 3393 1403 3460 hominibus
1432 3391 1569 3478 predicti

365 3497 493 3561 comitis
508 3497 637 3576 habere,
652 3496 760 3562 debita
775 3507 886 3562 nostra
899 3498 1015 3577 levare,
1025 3497 1235 3563 execuciones
1250 3497 1438 3582 hujusmodi
1452 3497 1568 3574 lacere,

365 3601 484 3686 placita
506 3610 625 3677 tenere,
642 3611 677 3666 et
695 3601 848 3687 placitare
875 3612 1132 3682 consueverunt3
1161 3601 1248 3666 idem
1274 3623 1383 3667 comes
1407 3603 1568 3688 prefatum

365 3702 527 3783 abbatem,
542 3703 650 3768 visum
670 3703 762 3768 illum
777 3714 810 3768 et
824 3703 978 3769 emendas
994 3703 1078 3768 sicut
1092 3725 1148 3768 eos
1172 3703 1301 3782 habere,
1324 3703 1433 3767 debita
1455 3714 1570 3769 nostra
1677 3781 1682 3794 ι
1786 3779 1789 3788 Ι

364 3806 481 3887 levare,
496 3807 708 3873 execuciones
723 3807 911 3894 hujusmodi
927 3807 1041 3888 facere,
1057 3817 1091 3872 et
1104 3807 1223 3894 placita
1247 3807 1302 3871 illa
1317 3815 1426 3872 tenere
1452 3817 1485 3872 et
1498 3807 1569 3893 pla·

365 3909 463 3974 citare
478 3911 594 3992 debet3
619 3921 654 3978 et
668 3913 912 3998 predecessores
928 3911 979 3976 aui
993 3912 1100 3976 visum
1115 3911 1207 3976 illum
1223 3921 1256 3977 et
1270 3912 1423 3977 emendas
1438 3911 1568 3990 habere,

365 4011 474 4076 debita
495 4023 606 4077 nostra
619 4013 736 4094 levare,
751 4014 961 4079 execucioues
976 4014 1163 4100 hujusmodi
1185 4016 1299 4094 facere,
1325 4025 1359 4080 et
1383 4013 1501 4099 placita
1514 4014 1570 4079 illa

364 4126 475 4181 tenere
495 4125 529 4179 et
543 4115 696 4201 placitare
711 4127 971 4195 consueverunt3
995 4117 1124 4198 habere,
1139 4119 1256 4196 levare,
1271 4118 1384 4198 lacere,
1400 4125 1520 4196 tenere,
1535 4127 1569 4182 et

364 4217 519 4302 placitare
543 4237 611 4281 non
636 4218 797 4303 permittit
822 4219 856 4284 in
879 4219 982 4303 ipsius
1009 4217 1135 4283 abbatis
1161 4230 1195 4283 et
1220 4219 1353 4284 ecclesie
1377 4239 1434 4282 sue
1459 4218 1570 4284 Sancti
