3938 5022
417 623 458 680 82
742 639 955 684 cnaomoon
974 637 1301 683 asraosunusruss.

418 789 544 854 ficiatus
569 789 696 868 existat,
719 800 775 854 aut
800 791 878 854 alias
898 813 956 875 per
982 789 1149 855 dominum
1174 811 1292 874 papam
1319 788 1359 852 de
1383 785 1540 852 beneficio
1566 809 1619 851 ec·

419 891 597 956 clesiastico
624 890 685 956 sibi
708 891 910 976 providendo
935 892 1092 977 scriptum
1117 891 1216 956 fuerit
1241 912 1300 976 pro
1327 889 1455 970 eodem,
1472 890 1618 954 sollerter

417 995 619 1080 investigetis
633 995 814 1074 veritatem,
828 1005 862 1059 et
876 997 955 1081 quid
976 1017 1034 1081 per
1057 995 1245 1081 hujusmodi
1264 993 1513 1080 inquisicionem
1527 995 1619 1057 inve-

417 1098 531 1162 neritis
559 1120 625 1162 una
664 1121 739 1162 curn
769 1098 903 1163 testium
932 1098 1120 1163 nominibus
1149 1108 1183 1162 et
1212 1120 1325 1164 eorum
1355 1096 1618 1183 deposicionibus

419 1200 479 1264 sub
495 1200 599 1284 sigillo
620 1210 729 1265 vestro
755 1199 850 1264 nobis
874 1199 1012 1264 fideliter
1036 1200 1265 1265 transmittatis
1289 1200 1466 1280 inclusum,
1492 1209 1617 1264 vestras

418 1304 541 1367 litteras
564 1312 713 1388 patentes
748 1304 861 1367 harum
898 1303 1013 1368 seriem
1043 1305 1247 1369 continentes
1271 1302 1502 1369 nichilominus
1518 1302 1620 1367 desti-

417 1416 543 1470 nantes.
589 1405 713 1470 Datum
736 1405 974 1472 Londoniiscr.
994 1406 1148 1470 kalendas
1173 1404 1385 1491 Septembris,
1407 1407 1618 1492 pontificatus

417 1510 520 1573 nostri
535 1530 620 1572 anno
636 1509 789 1574 secundo.

461 1612 590 1676 Deinde
605 1612 690 1676 facta
703 1612 765 1675 fuit
779 1611 950 1697 inquisicio
966 1635 1024 1698 per
1038 1612 1207 1678 officialem
1222 1611 1438 1676 archidiaconi
1453 1612 1617 1676 Norbam-

418 1717 518 1792 tonie,
542 1716 594 1780 dic
624 1714 757 1779 Sabbati
772 1715 920 1800 proxima
945 1723 1022 1800 post
1045 1716 1165 1780 festum
1190 1714 1292 1798 sancti
1307 1719 1320 1793 l
1336 1713 1507 1779 Michaelis
1531 1736 1618 1778 anno

419 1819 616 1904 supradicto,
626 1817 666 1881 de
675 1818 752 1896 vita,
762 1817 908 1882 moribus
917 1829 950 1884 et
962 1818 1219 1897 conversacione,
1229 1817 1473 1882 condicionibus
1486 1825 1519 1882 et
1527 1828 1618 1881 nata·

417 1922 502 1987 libus
529 1945 566 1986 ac
588 1921 658 1984 aliis
683 1921 806 1984 meritis
822 1921 959 2005 predicti
974 1921 1130 1986 Willelmi
1147 1921 1319 2006 Campinn,
1345 1943 1403 2006 per
1425 1921 1512 1985 viros
1538 1921 1619 1986 fide-

418 2026 532 2108 dignos
559 2027 685 2108 juratos
715 2033 749 2087 et
775 2024 944 2107 diligenter
984 2023 1169 2108 singillatim
1196 2024 1408 2103 examinatos,
1434 2024 1617 2110 irrequisito

417 2148 551 2190 assensu
567 2139 601 2189 et
614 2124 782 2188 voluntate
797 2123 924 2188 abbatis
939 2134 973 2188 et
987 2133 1179 2190 conventus.

461 2229 618 2293 Ricardus
641 2226 726 2290 filius
751 2227 908 2312 Stephani
934 2227 975 2290 de
1001 2227 1220 2313 Irtlingburgo
1239 2227 1367 2313 juratus
1390 2239 1423 2293 et
1449 2229 1618 2314 diligenter

417 2333 630 2412 examinatus,
651 2329 831 2416 dicitquod
847 2330 1152 2396 Willelmusdictus
1169 2331 1342 2417 Campyun
1358 2331 1398 2398 de
1424 2353 1489 2417 quo
1513 2331 1618 2416 agitur

416 2437 497 2501 liber
522 2445 573 2500 est
598 2445 631 2499 et
653 2434 842 2519 legittimus,
869 2433 956 2499 bone
975 2435 1235 2499 conversacionis
1259 2445 1293 2499 et
1317 2435 1453 2499 honeste
1478 2435 1555 2514 vite,
1584 2447 1618 2500 et

417 2539 479 2602 fuit
502 2538 543 2601 ab
566 2537 716 2615 infancia,
732 2559 791 2600 nec
817 2547 868 2601 est
891 2535 1008 2601 alicubi
1034 2535 1257 2613 beneficiatus,
1271 2557 1332 2601 nec
1359 2536 1510 2600 dominus
1534 2559 1619 2622 papa

417 2641 494 2705 alias
510 2641 639 2723 scripsit
653 2660 713 2723 pro
731 2639 857 2703 eodem.
904 2639 1092 2724 Requisitus
1108 2639 1244 2722 qualiter
1257 2637 1321 2702 ista
1333 2638 1411 2716 scit3
1437 2639 1618 2724 dicitquod

416 2744 509 2807 novit
524 2743 646 2806 dictum
663 2741 864 2804 Willelmum
880 2741 920 2804 ab
936 2740 1076 2804 infancia
1090 2751 1124 2803 et
1137 2751 1263 2825 patrem
1279 2750 1312 2805 et
1327 2751 1463 2804 matrem
1478 2741 1591 2826 ipsius.

460 2845 644 2911 Willelmus
659 2845 744 2908 filius
761 2844 880 2928 Rogeri
895 2844 936 2908 de
952 2842 1150 2927 Irtlinburgo
1168 2843 1296 2928 juratus
1310 2853 1345 2908 et
1360 2843 1529 2929 diligenter
1543 2867 1618 2910 exa·

416 2950 558 3014 minatus
573 2950 659 3015 idem
675 2950 754 3015 dicit
768 2971 842 3012 cum
860 2947 997 3012 Ricardo
1013 2948 1187 3032 prejurato.

460 3054 639 3120 Nicholaus
655 3054 800 3131 Bercloc‚
816 3051 973 3118 Ricardus
1003 3051 1155 3137 piscator,
1170 3050 1354 3116 Willelmus
1370 3053 1521 3137 piscator,
1532 3053 1619 3118 Goa-

417 3157 540 3222 celinus
570 3156 715 3235 clericus,
745 3155 835 3219 Elias
865 3153 1010 3232 Pedelcr,
1041 3152 1141 3238 jurati
1171 3162 1205 3216 et
1234 3153 1404 3240 diligenter
1433 3155 1619 3240 singillatim

418 3259 592 3324 examinati
606 3259 692 3323 idern
709 3257 823 3321 dicunt
837 3278 909 3320 cum
928 3255 1066 3319 Ricardo
1081 3255 1258 3340 prejurato.

465 3363 563 3426 Facta
588 3371 697 3426 autem
712 3359 858 3443 predicta
876 3355 1111 3442 inquisicione3
1132 3355 1288 3420 Officialis
1303 3358 1518 3423 archidiaconi
1534 3359 1620 3422 Nor-

420 3461 734 3539 hamtonie,domino
747 3460 913 3543 Episcopo
924 3457 1104 3522 transmisit
1112 3457 1378 3524 certificacionem
1388 3461 1450 3524 hoc
1462 3459 1560 3523 modo
1566 3483 1620 3522 :-

466 3563 657 3627 Reverendo
672 3561 705 3624 in
717 3560 849 3622 Christo
862 3557 950 3622 Patri
965 3558 1098 3621 domino
1114 3556 1246 3623 Olivero
1259 3560 1322 3623 Dei
1336 3560 1437 3644 gratia
1451 3558 1620 3626 Lincolnie

422 3665 575 3751 episcopo
599 3685 678 3727 suus
693 3661 824 3725 humilis
847 3670 881 3724 et
902 3660 1040 3724 devotus
1056 3659 1200 3724 officialis
1220 3661 1435 3726 archidiaconi
1457 3659 1619 3726 Norham·

421 3767 512 3832 tonia
527 3767 665 3830 salutem
680 3786 754 3829 cum
771 3785 900 3828 summo
915 3762 1102 3828 obediencie
1118 3763 1227 3828 debito
1254 3764 1372 3848 pariter
1396 3774 1431 3828 et
1452 3763 1621 3831 honorem.

424 3870 619 3936 Mandatum
641 3878 786 3932 vestrum
809 3867 844 3931 in
868 3866 929 3931 hec
952 3864 1050 3930 verba
1071 3867 1186 3950 recepi.
1232 3865 1384 3931 Oliverus
1407 3867 1621 3951 permissione

424 3971 533 4036 divina
545 3969 712 4035 Lincolnie
722 3970 907 4055 Episcopus
921 3968 1036 4032 unicus
1048 3979 1202 4033 executor
1215 3968 1360 4033 mandati
1368 3970 1548 4056 apostolici,
1559 3983 1621 4038 etc.

424 4097 486 4162 que
517 4096 614 4160 supra
643 4082 808 4138 notantur.
854 4070 963 4156 Hujus
992 4071 1091 4155 igitur
1119 4070 1309 4136 auctoritate
1339 4075 1483 4139 mandati
1511 4078 1621 4157 vestri,

425 4199 523 4266 super
545 4176 622 4258 rita,
651 4173 807 4254 moribus,
837 4183 870 4239 et
898 4172 969 4238 aliis
995 4165 1248 4240 cir'cumstanciis
1275 4177 1424 4262 superius
1460 4179 1622 4243 contentis
