3812 5030
423 629 461 688 lo
737 645 951 692 caaourcou
967 645 1293 691 rsuaosuuaauaa.

419 801 508 863 mino
532 798 672 862 Radulfo
694 797 735 863 de
757 798 886 864 Navilla
908 797 1066 864 Cicestrie
1087 797 1254 884 episcopo,
1277 795 1402 860 domini
1416 795 1516 881 Regis
1531 794 1621 860 Can-

420 901 545 966 celario.
592 901 666 965 Hoc
688 901 802 966 eodem
824 923 910 966 anno
933 901 1061 986 pacavit
1081 900 1169 965 idem
1191 899 1291 965 abbas
1314 921 1374 984 pro
1392 899 1494 963 veteri
1509 898 1621 964 debito

420 1026 496 1069 xxv.
511 1025 634 1068 marcas
656 1005 697 1068 ad
712 1004 823 1077 Paaca,
839 1013 873 1068 et
886 1004 928 1068 ad
953 1005 1074 1068 festum
1089 1001 1194 1068 sancti
1208 1001 1380 1067 Michaelis
1395 1023 1470 1066 xxv.
1485 1023 1621 1080 marcas,

420 1106 485 1170 xvi.
501 1106 633 1186 solidos,
647 1105 704 1170 iiii.
720 1105 879 1187 denarios,
891 1117 925 1172 et
939 1107 980 1172 de
995 1106 1140 1191 scutagio
1151 1105 1294 1171 Pictavie
1309 1105 1350 1170 de
1364 1115 1511 1189 tempore
1524 1104 1622 1188 Regis

420 1209 581 1274 Johannis
610 1231 642 1273 x.
671 1207 780 1288 libras,
809 1208 865 1273 xii.
895 1207 1026 1282 solidos,
1058 1207 1114 1272 iiii.
1145 1207 1304 1286 denarios,
1334 1217 1368 1272 et
1394 1207 1441 1271 sic
1465 1206 1621 1272 remansit

419 1311 547 1397 quietus
563 1312 603 1376 de
618 1309 771 1375 omnibus
785 1309 904 1374 debitis
919 1311 960 1375 ad
976 1309 1187 1374 Scaccarium.

295 1415 406 1461 oefflffi
464 1414 538 1479 Hoc
552 1435 638 1478 auno
663 1413 784 1478 mortui
799 1423 877 1478 sunt
891 1413 1043 1499 magister
1057 1412 1244 1497 Stephanus
1260 1412 1300 1477 de
1311 1413 1503 1498 Langetona
1517 1411 1621 1477 archi-

418 1519 591 1604 episcopus
622 1515 806 1597 Cantuarie,
836 1527 870 1582 et
898 1516 1074 1581 Eustasius
1103 1515 1346 1579 Londoniensis
1371 1517 1555 1603 episcopus,
1586 1525 1621 1580 et

420 1620 586 1686 Galfridus
598 1619 759 1700 Eliensia3
778 1629 812 1686 et
827 1619 984 1686 Ricardus
999 1617 1223 1684 Salebiriensia
1237 1617 1413 1684 translatus
1428 1617 1535 1682 estad
1550 1618 1620 1683 Do·

418 1721 573 1787 nelmum.
619 1723 776 1788 Monachi
801 1721 986 1802 cantuarie,
1011 1732 1144 1807 accepta
1168 1721 1299 1786 licentia
1320 1743 1339 1784 a
1362 1721 1495 1787 domino
1519 1723 1620 1806 Rege,

420 1824 585 1909 elegerunt
602 1847 703 1888 unum
727 1827 934 1904 monachum,
953 1825 1143 1910 magistrum
1159 1824 1354 1902 Walterum,
1369 1825 1425 1910 qui
1446 1848 1465 1888 a
1487 1825 1620 1890 domino

421 1929 509 2010 Rege
531 1937 565 1990 et
585 1926 626 1991 ab
642 1925 794 1992 omnibus
809 1927 983 2012 Episcopis
1007 1926 1198 2012 reprobatus
1213 1935 1273 2003 est,
1296 1937 1330 1992 et
1347 1949 1366 1990 a
1381 1927 1515 1991 domino
1532 1926 1620 2011 Papa

420 2029 461 2091 ad
475 2028 592 2092 Natale
607 2036 751 2092 cassatus
771 2027 812 2091 ad
826 2027 1017 2092 instanciam
1032 2049 1155 2106 eorum,
1174 2047 1233 2110 per
1246 2027 1468 2091 Alexandrum
1490 2027 1621 2092 Ceven-

419 2135 561 2194 t'renaem
579 2139 613 2194 et
635 2130 815 2194 Hearicum
840 2129 1028 2194 Roffenaem
1051 2128 1223 2214 episcopos
1246 2136 1280 2192 et
1302 2127 1382 2192 ahos
1404 2129 1542 2193 nuncios
1561 2130 1619 2194 do-

418 2233 499 2298 mini
514 2233 607 2319 regis.
640 2234 687 2299 Et
700 2233 853 2319 magister
869 2233 1026 2297 Ricardus
1042 2232 1195 2317 Magnus,
1213 2230 1421 2297 cancellarius
1437 2231 1618 2312 Lincolnie,

417 2337 565 2422 partibus
580 2337 874 2416 consencientibus,
896 2336 992 2400 datus
1014 2345 1066 2400 est
1079 2357 1099 2399 a
1113 2334 1247 2400 domino
1263 2335 1362 2420 Papa,
1385 2345 1419 2399 et
1434 2334 1475 2400 ab
1486 2357 1526 2400 eo
1540 2357 1618 2400 con-

416 2439 572 2520 firmatur,
598 2451 632 2506 et
652 2441 705 2506 die
728 2451 837 2506 sancte
859 2439 1028 2506 'lhinitatis
1050 2437 1200 2523 proximo
1226 2437 1377 2524 sequenti
1396 2448 1616 2503 consecratus.

415 2543 541 2608 Eodem
565 2545 617 2609 die
639 2543 721 2608 obiit
734 2542 899 2630 Virgilius,
918 2563 1058 2629 persona
1079 2541 1120 2604 de
1143 2539 1268 2620 Castra,
1292 2539 1515 2626 vigiliaaancti
1530 2541 1618 2606 Petri

415 2645 456 2709 ad
470 2645 619 2710 Vincula.

367 2742 372 2752 '
459 2747 617 2833 Magister
628 2747 792 2813 Robertus
804 2749 844 2812 de
856 2747 1017 2833 Bingbam
1029 2753 1239 2812 consecratus
1254 2752 1305 2808 eat
1319 2743 1407 2828 apud
1419 2743 1617 2809 Salisbiriam

415 2849 448 2914 in
461 2849 650 2935 episcopum
666 2849 952 2930 Salesbirienaem3
975 2859 1009 2915 et
1020 2850 1173 2935 magister
1188 2850 1335 2933 Rogerus
1347 2846 1449 2931 Niger
1463 2847 1619 2912 London-

415 2951 514 3016 iensia
529 2952 663 3034 electus,
674 2963 708 3018 et
723 2953 822 3038 Hugo
833 2951 933 3016 abbas
946 2951 1048 3015 sancti
1060 2950 1246 3014 Eadmundi
1256 2951 1398 3015 Eliensis
1409 2951 1531 3017 electus
1540 2975 1617 3017 con-

416 3054 532 3120 secrati
547 3065 626 3120 aunt
639 3056 726 3142 apud
749 3055 969 3133 Cantuariam,
984 3054 1017 3118 in
1034 3053 1086 3118 dic
1102 3063 1213 3118 sancte
1227 3053 1407 3132 Trinitatis,
1422 3078 1442 3118 a
1462 3056 1617 3142 magistro

417 3159 556 3225 Ricardo
571 3159 695 3246 Magno
709 3159 951 3244 archiepiscopo
963 3158 1077 3223 eodem
1088 3157 1140 3222 die
1151 3166 1350 3224 consecrato.
1393 3158 1520 3224 Eodem
1532 3181 1617 3224 anno

416 3285 473 3328 rex
489 3263 652 3328 Henricus
667 3266 774 3350 exegit
789 3263 971 3348 scutagium
993 3283 1053 3347 pro
1068 3261 1183 3326 itinere
1198 3261 1239 3326 de
1265 3261 1366 3348 Kery,
1383 3262 1514 3342 scilicet,
1537 3264 1618 3328 duas

417 3387 540 3429 marcas
552 3366 592 3428 ad
608 3375 745 3429 scutum.
791 3364 955 3429 Dominus
978 3364 1164 3448 Stephanus
1180 3365 1304 3429 domini
1319 3366 1406 3450 Papc
1423 3364 1617 3450 Capellanus

417 3475 493 3530 ante
517 3467 618 3530 Pasce
631 3465 722 3532 venit
738 3467 773 3529 in
797 3465 959 3550 Angliam,
983 3465 1115 3549 exigens
1137 3466 1278 3531 decimas
1300 3467 1447 3531 omnium
1471 3467 1619 3532 ecclesia·

417 3589 501 3646 rum,
530 3567 660 3647 scilicet,
686 3567 861 3644 fructuum,
887 3564 1121 3630 obventionum
1150 3573 1184 3629 et
1208 3565 1354 3631 omnium
1379 3567 1422 3632 ad
1451 3567 1617 3634 ecclesiam

417 3669 664 3756 pertinencium,
689 3689 882 3754 quocunque
906 3667 1039 3731 nomine
1065 3676 1272 3748 consuantur,
1300 3669 1398 3734 nullis
1424 3669 1543 3736 debitis
1565 3672 1618 3737 vel

418 3773 568 3858 expensis
591 3772 750 3852 deductis,
772 3779 806 3837 et
827 3771 890 3836 hoc
912 3769 955 3835 ob
976 3791 1123 3855 guerram
1146 3770 1232 3835 inter
1256 3770 1424 3837 dominum
1441 3773 1562 3859 Papam
1583 3784 1617 3840 et

419 3873 673 3958 imperatorem
696 3881 730 3938 et
744 3871 895 3938 dominus
911 3871 1075 3937 Martinus
1093 3870 1193 3936 abbas
1208 3871 1285 3936 lecit
1298 3871 1398 3936 finem
1412 3895 1471 3958 pro
1492 3875 1617 3942 decima

418 3973 550 4039 abbacie
565 3996 622 4039 sue
637 3995 682 4040 cc.
698 3984 732 4040 et
745 3997 776 4038 x.
793 3995 984 4052 marcarum,
999 3973 1143 4058 exceptis
1159 3971 1263 4037 donia.

463 4075 539 4141 Hoc
553 4097 640 4141 anno
655 4075 836 4142 adiudicatc
853 4075 984 4140 fuerunt
999 4081 1032 4138 et
1046 4073 1171 4138 reddite
1195 4073 1257 4138 due
1273 4075 1435 4140 mercede
1451 4076 1616 4146 Scaccario

418 4177 528 4245 abbati
542 4177 583 4244 de
599 4177 719 4263 Burgo,
743 4198 822 4263 quas
836 4176 1018 4242 Alualtona
1032 4184 1066 4242 et
1086 4175 1236 4242 Flettona
1256 4187 1450 4262 pacaverant
1463 4200 1523 4265 pro
1537 4180 1617 4246 falsa
