3812 5030
599 648 810 694 cuaourccu
834 647 1161 694 aanaoauaosuss.
1434 631 1474 692 31

45 815 266 879 salamiam.)
322 805 337 880 l
349 800 432 865 Item
455 800 518 866 hoc
539 823 625 866 anno
651 800 849 887 assignatum
868 800 932 866 luit
952 799 1114 866 cambium
1138 820 1222 865 nore
1241 815 1371 865 monete
1390 799 1478 885 apud

45 909 80 956 ’0
95 907 226 954 moro
281 904 396 968 turrim
412 904 666 984 Londoniarum,
675 915 709 970 et
722 905 798 990 quia
812 906 877 970 lere
891 913 962 970 tota
975 911 1108 969 moneta
1123 913 1215 969 vetus
1230 903 1335 968 fuerat
1348 911 1480 968 retunsa

45 979 158 1020 '‘m‘'
281 1019 315 1071 et
334 1005 377 1070 ob
400 1006 518 1071 hocin
544 1016 615 1072 toto
637 1028 737 1093 regno
760 1006 802 1072 ab
820 1006 973 1073 omnibus
994 1015 1142 1071 recusata
1166 1015 1200 1070 et
1213 1004 1394 1092 reprobata,
1419 1027 1481 1070 nec

279 1109 355 1174 alibi
370 1110 533 1176 cambium
547 1111 611 1176 fuit
631 1111 831 1197 assignatum
855 1110 920 1175 nisi
945 1110 1032 1196 apud
1057 1111 1215 1195 prefatam
1240 1109 1366 1190 turrim,
1385 1109 1482 1175 rnulti

279 1223 344 1278 tam
367 1214 484 1280 divites
508 1236 603 1300 quam
627 1237 785 1301 pauperes
799 1237 906 1281 rerum
923 1235 1052 1278 suarum
1064 1213 1224 1299 jacturam
1239 1235 1306 1278 non
1321 1213 1482 1279 modicam

280 1314 516 1380 sustinuerunt.
557 1317 662 1381 Vetus
685 1317 783 1382 etiam
806 1326 938 1382 moneta
951 1338 1018 1381 non
1040 1325 1174 1381 retunsa
1195 1338 1258 1402 que
1272 1317 1307 1380 in
1332 1317 1483 1381 manibus

280 1439 458 1503 paucorum
473 1417 708 1499 inveniebatur,
724 1441 798 1484 cum
821 1428 900 1484 tunc
922 1440 989 1483 non
1004 1417 1120 1482 fuisset
1134 1417 1228 1503 copia
1242 1440 1327 1484 nove
1342 1429 1484 1498 monete,

281 1543 348 1585 non
364 1519 584 1600 recusabatur,
599 1529 633 1584 et
651 1520 812 1584 dabantur
825 1519 860 1584 in
886 1519 1048 1584 escambio
1071 1541 1130 1604 pro
1153 1519 1234 1585 libra
1255 1521 1340 1585 ultra
1354 1521 1483 1605 pondus

282 1624 348 1688 xvi.
364 1623 497 1689 denarii.

328 1726 414 1791 Item
428 1726 492 1791 hoc
511 1747 597 1790 anno
619 1724 654 1790 in
680 1723 836 1790 nundinis
856 1725 959 1790 sancti
974 1725 1132 1810 Botulphi
1157 1724 1298 1789 maxima
1319 1746 1395 1810 pars
1409 1725 1485 1789 ville

285 1828 388 1914 ipsius
403 1850 440 1892 ac
463 1827 566 1892 multa
589 1827 675 1892 bona
695 1827 896 1892 diversorum
918 1837 1134 1893 mercatorum
1148 1826 1437 1893 transmarinorum
1453 1839 1487 1893 et

286 1928 541 2015 cysmarinorum
556 1928 726 1994 combusta
741 1938 830 2009 sunt,
853 1929 899 1994 ita
922 1930 1009 2016 quod
1033 1951 1091 2015 per
1115 1929 1375 1995 combustionem
1398 1930 1486 1994 illam

289 2031 385 2097 multi
399 2051 558 2116 pauperes
573 2031 768 2110 efficiuntur,
780 2030 836 2116 qui
850 2043 926 2097 ante
941 2032 1059 2098 divites
1074 2033 1260 2099 extiterant.

50 2143 94 2190 De
108 2138 217 2218 apruno
334 2137 418 2201 Item
442 2135 505 2200 hoc
519 2157 605 2201 anuo
620 2134 749 2200 infesto
774 2135 877 2199 sancti
893 2135 1020 2200 Mathei
1040 2136 1240 2202 celebratum
1255 2137 1318 2201 fuit
1339 2137 1486 2222 generale

50 2205 244 2332 ffffiffi
289 2239 467 2325 capitulum
497 2238 728 2304 monachorum
746 2238 833 2324 apud
848 2238 1075 2319 Abendonam,
1098 2241 1132 2304 in
1147 2261 1212 2325 quo
1234 2241 1366 2305 fuerunt
1386 2242 1489 2327 presi·

287 2343 413 2422 dentes,
428 2343 469 2406 de
484 2351 597 2406 saneto
611 2343 798 2428 Augustino
814 2341 987 2407 Cantuarie
1002 2353 1036 2408 et
1056 2343 1097 2408 de
1113 2342 1283 2408 Glastcnia
1297 2342 1441 2422 abbates,
1456 2354 1490 2408 et

287 2445 407 2512 ibidem
432 2445 535 2510 multa
560 2467 645 2510 nova
668 2455 789 2510 statuta
810 2445 851 2510 ab
867 2446 989 2511 eisdem
1014 2446 1056 2510 ad
1079 2446 1343 2512 reformacionem
1367 2447 1489 2511 ordinis

287 2550 469 2626 factasunt,
479 2547 636 2632 interque
649 2549 816 2633 provisum
831 2548 903 2627 fuit,
915 2547 1003 2632 quod
1018 2548 1059 2612 ad
1074 2548 1327 2634 comparandum
1343 2549 1488 2614 studium

289 2652 417 2717 Oxonie
432 2651 487 2716 ubi
514 2651 666 2716 monachi
692 2652 844 2717 decenter
867 2673 964 2716 causa
987 2651 1132 2716 discendi
1152 2652 1280 2718 valeant
1294 2653 1490 2718 unanimiter

287 2754 443 2836 babitare,
458 2754 602 2841 quelibet
617 2755 734 2821 domus
750 2757 873 2840 prefate
895 2755 1059 2841 religionis
1084 2756 1119 2820 in
1135 2756 1310 2820 Cantuarie
1324 2756 1491 2841 provincia

289 2859 429 2924 solveret
451 2859 533 2924 duos
558 2859 707 2924 denarios
734 2859 774 2924 de
798 2859 933 2945 singulis
957 2860 1074 2925 marcia
1100 2860 1247 2924 omniurn
1274 2860 1490 2944 spiritualium

289 2961 450 3026 bonorum
475 2983 513 3026 ac
543 2961 782 3046 temporalium,
803 2962 983 3026 secundum
1012 2962 1213 3027 taxacionem
1244 2962 1397 3040 Nornici,
1426 2963 1491 3026 isto

291 3086 388 3142 anno,
403 3075 437 3129 et
451 3064 544 3128 annis
560 3064 771 3150 sequentibus
787 3087 889 3128 unum
905 3065 1073 3129 denarium
1089 3068 1129 3129 de
1144 3064 1280 3150 singulis
1295 3064 1422 3128 marcis.
1494 3055 1498 3064 ’

66 3192 106 3238 ne
117 3191 205 3253 puero
216 3189 247 3236 de
337 3165 421 3231 Item
436 3165 499 3230 hoc
514 3187 600 3229 anno
614 3176 692 3250 post
705 3167 825 3230 festum
841 3167 945 3230 sancti
975 3165 1146 3230 Michaelis
1166 3166 1317 3230 dominus
1333 3165 1492 3230 Ricardus

65 3255 224 3304 B⁰m⁰wd¹⁰·
293 3271 334 3336 de
348 3267 541 3347 Londoniis,
564 3267 664 3332 abbas
686 3267 797 3351 Burgi,
822 3289 881 3353 per
914 3289 971 3331 sex
996 3266 1193 3332 ebdomadas
1216 3267 1397 3333 Londoniis
1419 3291 1493 3354 per·

292 3373 482 3442 bendinavit
507 3393 574 3437 non
599 3371 668 3436 aine
690 3371 853 3436 infusione
882 3371 1082 3457 permaxima
1113 3393 1339 3458 expensarum,
1362 3383 1492 3438 etcum

291 3491 371 3544 tunc
389 3476 559 3543 contencio
575 3486 662 3540 esset
675 3475 761 3540 inter
775 3477 935 3560 prelatum
960 3474 1110 3541 abbatem
1125 3485 1160 3541 et
1183 3476 1352 3540 dominum
1368 3476 1493 3541 Willel-

292 3605 383 3648 mum
395 3581 546 3646 abbatem
563 3579 603 3644 de
619 3579 769 3644 Ramesei
793 3579 834 3644 de
859 3579 1001 3665 quodam
1024 3589 1166 3644 mercato
1181 3579 1215 3643 in
1232 3579 1428 3645 Bernewelle
1451 3581 1492 3644 ad

293 3695 526 3752 nocumentum
552 3683 645 3749 liberi
671 3683 803 3748 mercati
825 3683 930 3769 ipsius
951 3683 1078 3749 abbatis
1103 3684 1143 3748 de
1169 3683 1280 3769 Burgo
1305 3683 1340 3747 in
1365 3682 1494 3748 Undele

294 3790 411 3868 levato,
426 3797 461 3854 ct
475 3787 515 3852 de
530 3785 601 3850 aliis
615 3785 820 3850 libertatibus
843 3808 924 3871 quas
947 3785 1018 3872 ipse
1038 3785 1137 3852 abbas
1160 3786 1200 3852 de
1218 3787 1364 3852 Ramesei
1380 3787 1495 3852 vendi-

141 3911 282 3960 convenero.
296 3892 391 3970 cavit,
405 3891 577 3956 concordia
596 3890 716 3955 ibidem
742 3888 905 3955 intereos
930 3891 1016 3955 iacta
1041 3899 1092 3956 est
1115 3891 1177 3954 hoc
1202 3891 1310 3968 modo,
1332 3889 1494 3968 videlicet,

296 3995 384 4080 quod
406 3993 505 4057 abbas
532 3994 572 4058 de
596 3993 747 4058 Ramesei
770 3993 932 4058 concessit
955 4015 1016 4078 pro
1049 4014 1083 4056 se
1107 4002 1142 4057 et
1164 3992 1298 4057 ecclesia
1324 4015 1383 4056 sua
1406 3993 1494 4077 quod

294 4097 444 4162 homines
467 4097 524 4166 ⁴sui
554 4098 594 4162 de
624 4097 834 4175 Bernewelle,
850 4096 1081 4182 Hemingtona,
1103 4095 1308 4181 Crowthorp,
1338 4105 1371 4159 et
1396 4115 1495 4179 parva

294 4203 407 4288 Thorp
421 4201 553 4267 veniant
568 4222 675 4266 coram
701 4199 830 4268 ballivis
845 4199 981 4285 predicti
1004 4198 1131 4265 abbatis
1152 4199 1192 4265 de
1207 4199 1317 4284 Burgo
1332 4198 1374 4263 ad
1387 4196 1494 4266 visum
