3938 5022
678 661 889 707 ennourcou
912 661 1238 708 sarnosuaasusa.
1516 645 1554 719 7⁵

354 813 548 900 supradictis
587 814 691 880 faeere
720 823 862 894 vastum,
894 814 1132 895 vendicionem,
1169 815 1312 895 exilium,
1343 837 1399 881 seu
1438 815 1556 880 aliena-

353 918 479 981 eionem
502 915 652 1003 aliquam,
676 939 736 983 nee
761 917 900 982 villanos
926 917 1088 983 rediment
1113 939 1172 983 seu
1196 917 1342 984 indebite
1365 919 1556 1004 gravabunt.

353 1021 481 1086 Demos
504 1043 592 1102 vero,
617 1043 723 1108 sepes,
751 1022 884 1100 fossata,
909 1043 1021 1087 muros
1055 1022 1211 1102 reficient,
1236 1045 1310 1088 cum
1341 1045 1424 1108 opus
1448 1023 1556 1100 fuerit,

352 1132 387 1188 et
401 1122 632 1188 sustentabunt
647 1123 832 1208 sumptibus
847 1123 916 1188 suis
930 1123 965 1188 in
980 1123 1061 1188 adeo
1075 1123 1164 1188 bono
1180 1133 1268 1187 statu
1278 1125 1332 1189 vel
1345 1125 1482 1202 meliori,
1491 1147 1556 1210 quo

353 1245 391 1289 ea
417 1235 583 1310 ceperunt.
628 1225 675 1290 Et
700 1227 869 1290 sciendum
892 1237 944 1290 est
969 1226 1057 1311 quod
1080 1225 1108 1290 si
1130 1225 1208 1290 dicti
1232 1226 1411 1306 Galfridus,
1435 1227 1556 1312 Roysia

353 1326 406 1389 vel
427 1347 540 1391 eorum
562 1327 644 1392 alter
666 1328 805 1393 voluerit
827 1329 946 1393 dictam
974 1329 1157 1393 custodiam
1179 1329 1275 1394 alicui
1297 1329 1471 1409 dimittere,
1493 1330 1556 1395 hoe

353 1429 423 1493 fieri
447 1452 514 1494 non
531 1429 630 1495 debet
643 1431 708 1495 nisi
723 1431 833 1496 abbati
856 1441 890 1498 et
911 1433 982 1518 ejus
998 1431 1250 1511 suecessoribus,
1265 1431 1345 1496 dum
1360 1445 1467 1496 tamen
1486 1443 1557 1497 tan-

353 1542 424 1598 tum
439 1532 516 1597 inde
530 1534 606 1599 dare
620 1535 784 1600 voluerint
798 1545 956 1621 quantum
971 1535 1053 1599 alius
1081 1535 1151 1600 sine
1166 1536 1278 1600 fraude
1293 1535 1369 1600 dere
1384 1537 1473 1600 velit.
1510 1536 1557 1601 Et

353 1635 382 1700 si
403 1635 601 1722 alii(s)quam
623 1636 735 1702 abbati
756 1638 877 1703 dictam
900 1639 1084 1704 custodiam
1104 1639 1268 1704 dimittere
1287 1638 1469 1719 voluerint3
1493 1639 1556 1704 hoe

351 1737 456 1802 facere
470 1759 537 1802 non
552 1748 703 1824 possunt,
718 1739 781 1804 nisi
797 1741 838 1805 de
853 1741 1022 1806 voluntate
1036 1751 1071 1806 et
1088 1763 1223 1806 assensu
1245 1740 1349 1826 ipsius
1372 1740 1500 1805 abbatis
1523 1751 1557 1806 et

353 1861 577 1906 suceessorum
594 1863 738 1906 suorum.
783 1843 819 1908 Si
834 1853 943 1908 autem
954 1866 1047 1909 secus
1063 1845 1185 1909 factum
1200 1843 1319 1924 fruerit3
1342 1842 1454 1908 licebit
1468 1843 1556 1909 dicto

353 1943 464 2009 abbati
478 1955 513 2010 et
527 1945 766 2011 suecessoribus
789 1947 857 2012 suis
880 1948 982 2013 dictas
1004 1957 1106 2014 terras
1128 1956 1162 2013 et
1182 1957 1369 2012 tenemento
1383 1947 1508 2032 ingredi
1523 1958 1556 2014 et

351 2046 502 2126 retinere,
526 2045 611 2110 sicut
637 2047 787 2132 superius
811 2049 936 2114 dietum
960 2060 1011 2115 est
1037 2048 1078 2116 de
1102 2049 1269 2114 solucione
1290 2070 1358 2113 non
1380 2050 1474 2128 facta,
1498 2071 1557 2114 seu

351 2143 466 2214 minus'
491 2149 588 2236 plene
617 2151 713 2215 facta.
757 2152 810 2216 De
838 2162 932 2217 vasto
956 2175 1047 2233 vero,
1076 2152 1269 2218 vendicione
1295 2161 1329 2216 et
1358 2152 1466 2229 exilio,
1497 2173 1555 2216 seu

350 2252 546 2319 alienatione
563 2253 776 2338 supradietis3
798 2255 856 2319 fist
871 2255 956 2320 siout
970 2255 1155 2321 continetur
1169 2255 1203 2320 in
1219 2265 1306 2320 carta
1321 2253 1445 2318 domini
1457 2255 1555 2340 Regis

352 2355 393 2419 de
407 2355 611 2420 libertatibus
626 2365 660 2421 et
675 2357 747 2421 aliis
762 2359 895 2422 statutis
917 2380 1016 2444 super
1029 2359 1093 2423 hoc
1108 2358 1215 2423 editis.
1260 2358 1313 2422 De
1327 2357 1555 2440 redempcione

350 2479 427 2524 vero
441 2460 634 2525 villanorum
648 2469 682 2524 et
697 2480 810 2525 eorum
825 2461 978 2526 indebitis
1001 2462 1253 2547 gravaminibus,
1268 2460 1368 2525 abbas
1390 2460 1554 2546 predictus

350 2569 385 2625 et
406 2561 476 2645 ejus
500 2582 703 2625 successores
722 2561 799 2626 inde
813 2562 933 2628 facient
948 2564 1102 2628 emendas
1124 2563 1339 2629 racionabilas
1362 2584 1421 2647 per
1446 2561 1553 2626 visum

350 2673 384 2728 et
397 2663 621 2730 testimonium
636 2663 813 2749 proborum
829 2666 1000 2731 bominum
1013 2667 1054 2731 de
1068 2667 1208 2747 visneto,
1223 2688 1299 2731 cum
1315 2666 1356 2731 de
1370 2667 1433 2731 hoc
1448 2665 1554 2752 requi·

257 2846 263 2860 ι
351 2767 405 2831 siti
416 2767 537 2832 fuerint
552 2777 586 2831 et
599 2767 647 2832 eis
662 2769 856 2833 eonstiterit.
902 2769 949 2834 Et
963 2770 1042 2834 dicti
1056 2769 1157 2834 abbas
1173 2780 1206 2835 et
1221 2781 1403 2837 conventus
1418 2777 1431 2852 l
1444 2781 1553 2835 custo-

350 2870 436 2935 diam
451 2871 668 2956 predictarum
684 2881 840 2936 terrarum
864 2882 897 2938 et
919 2882 1179 2938 tenementorum
1195 2895 1269 2940 curn
1287 2874 1438 2939 omnibus
1453 2873 1553 2958 perti·

349 2973 473 3038 neneiis
495 2984 530 3039 et
551 2975 649 3039 rebus
676 2975 869 3060 supradietis
888 2976 924 3040 in
946 2977 1050 3040 forma
1071 2976 1227 3062 predicta,
1244 2976 1340 3040 dietis
1357 2975 1503 3040 Galfrido
1519 2985 1553 3040 et

349 3075 472 3160 Roysie
501 3083 536 3138 et
572 3075 691 3160 quibus
716 3077 751 3140 in
777 3077 931 3142 extremis
953 3077 1059 3164 legare
1084 3079 1259 3156 voluerint,
1294 3086 1408 3143 eontra
1437 3097 1551 3140 omnes

347 3186 462 3264 gentes
487 3177 756 3260 varentizabunt,
781 3180 994 3265 aquietabunt
1018 3190 1052 3245 et
1077 3181 1264 3246 defendent.
1325 3180 1366 3244 ln
1389 3179 1481 3263 cujus
1504 3179 1551 3242 rei

346 3279 571 3346 testimonium
593 3280 731 3366 predicti
754 3281 854 3347 abbas
881 3294 916 3348 et
936 3284 1102 3349 Galfridus
1127 3283 1231 3369 sigilla
1255 3305 1314 3348 sua
1342 3282 1548 3370 presentibus

346 3383 530 3448 alternatim
546 3395 779 3469 apposuerunt.
825 3386 901 3451 Hiis
916 3386 1067 3467 testibus,
1083 3395 1145 3451 etc.

393 3486 468 3551 Hoc
476 3507 563 3550 anno
573 3486 608 3550 in
618 3486 759 3552 crastino
768 3487 1046 3554 Annunoiacionis
1057 3488 1153 3555 beate
1161 3489 1305 3576 Virginis
1318 3489 1404 3554 dicta
1413 3486 1549 3553 Mabilia

347 3590 550 3677 maritagium
564 3590 703 3677 predicti
717 3591 846 3657 heredis
861 3593 1062 3678 comparavit
1076 3617 1095 3657 a
1109 3593 1256 3680 predicto
1273 3594 1405 3660 domino
1421 3592 1548 3670 abbate,

346 3704 381 3760 et
394 3696 478 3761 faeta
492 3704 544 3761 est
557 3694 635 3760 inde
650 3695 807 3781 obligatio
823 3696 972 3781 quedam,
984 3695 1046 3760 sub
1058 3697 1118 3762 hac
1132 3699 1236 3763 forma
1246 3726 1300 3763 :—

391 3798 561 3864 Universis
591 3807 702 3864 sancte
738 3799 851 3862 matris
885 3798 1020 3865 ecclesie
1050 3799 1124 3865 filiis
1154 3801 1196 3866 ad
1226 3823 1364 3888 quorum
1393 3801 1546 3866 noticiam

346 3911 513 3984 presentes
539 3900 647 3966 littere
666 3901 885 3986 pervenerint,
901 3901 1038 3967 Mobilis
1061 3903 1102 3968 de
1127 3903 1337 3990 Keningtona
1360 3905 1498 3969 salutem
1513 3904 1547 3966 in

290 4006 297 4021 '
346 4002 491 4066 Domino
512 4003 753 4088 sempiternam.
798 4003 937 4070 Noverit
960 4006 1155 4072 universitas
1181 4019 1290 4073 vestra
1311 4029 1364 4072 me
1386 4006 1489 4071 teneri
1513 4015 1547 4070 et

345 4105 479 4190 obligari
504 4107 681 4172 reverendo
706 4107 898 4173 inebriato
923 4109 1011 4174 Petri
1035 4110 1168 4176 domino
1195 4112 1334 4177 Ricardo
1360 4110 1424 4175 Dei
1445 4107 1546 4195 gratis

344 4209 452 4274 abbati
479 4209 520 4274 de
550 4210 661 4296 Burgo
686 4211 789 4276 sancti
814 4212 902 4277 Petri
932 4223 966 4278 et
987 4214 1058 4299 ejus
1088 4215 1328 4288 suecessoribus
1358 4214 1392 4277 in
1423 4211 1545 4277 sexcies

344 4311 461 4397 viginti
484 4321 519 4378 et
533 4313 644 4378 decem
670 4335 791 4378 marcas
817 4313 978 4380 bonorum
1004 4325 1038 4380 et
1060 4315 1463 4400 legalium'sterlingorum
1486 4333 1545 4398 pro
