3894 5024
667 629 881 678 cnaourcon
899 633 1227 680 raraoausnansa.
1493 616 1552 674 151

125 782 274 895 affin&
287 783 318 829 ‘1⁰
350 781 538 848 fidelitatem
563 781 696 847 domino
713 783 852 848 Ricardo
867 783 908 849 de
923 783 1105 850 Londcniis
1120 783 1231 849 abbati
1256 783 1296 848 dc
1312 781 1422 867 Burgo
1448 782 1551 846 sancti

124 911 241 972 Suuorp.
353 885 439 950 Petri
462 883 548 970 apud
571 885 654 971 Eye,
668 907 729 972 pro
743 895 932 952 tenemento
947 887 1035 972 quod
1049 895 1141 952 tenet
1163 887 1204 952 de
1218 887 1291 971 ipso
1306 885 1340 949 in
1355 884 1503 949 Walcote
1518 894 1552 948 et

353 987 508 1074 Suthcrp,
522 988 557 1052 in
572 988 739 1075 presencia
752 989 910 1054 Willelmi
926 989 1035 1075 Fykes
1050 990 1091 1054 dc
1107 989 1252 1074 Suthorp
1262 997 1296 1054 et
1309 987 1458 1052 aliorum.

123 1103 187 1240 (ἔοι.
200 1104 331 1169 metor.)
396 1091 647 1157 Memorandum
671 1091 759 1177 quod
775 1092 940 1158 chricus
965 1093 1007 1158 de
1031 1093 1182 1158 Nortwik
1204 1093 1281 1158 iecit
1305 1090 1493 1176 homagium
1517 1100 1551 1154 et

152 1209 246 1242 mm.
752 1195 759 1209 .
1075 1195 1093 1210 ..
1230 1195 1237 1210 .
1540 1193 1547 1206 .

124 1258 315 1385 erm
351 1193 1550 1381 tirhtat‘zruhhffthiihunhnhrz‚rrr

349 1396 485 1462 Domini
510 1399 572 1462 M⁰.
592 1397 828 1463 Ducentesimo
854 1396 1076 1481 Nonagesimo
1107 1395 1226 1462 Tercio
1255 1396 1343 1481 apud
1365 1395 1549 1480 Werming-

348 1508 471 1578 torrem,
486 1521 546 1584 pro
561 1508 748 1564 tenemento
763 1499 851 1585 quod
877 1507 968 1563 tenet
990 1499 1025 1563 in
1041 1498 1204 1583 Bringrist
1222 1497 1257 1562 in
1280 1497 1438 1562 comitatu
1464 1497 1549 1582 Ley-

348 1601 473 1678 cestric,
488 1601 522 1664 in
543 1601 710 1685 presencia
733 1601 876 1686 magistri
891 1601 1018 1666 'l'home
1033 1601 1074 1666 de
1089 1601 1259 1680 Frestona,
1274 1599 1398 1664 domini
1413 1598 1549 1664 Homini

346 1703 480 1768 rectoris
496 1703 642 1768 Ecclesie
651 1704 691 1768 de
702 1702 877 1789 cloptona,
891 1703 999 1768 fratris
1009 1703 1082 1768 Ade
1092 1703 1132 1768 de
1144 1702 1326 1788 Clipstona‚
1335 1702 1358 1768 J
1359 1701 1497 1766 ohannis
1507 1702 1548 1766 dc

347 1804 478 1870 Setiord
493 1805 738 1884 monachorum,
754 1804 873 1890 Rogeri
888 1805 929 1870 de
945 1804 1130 1890 Myridcna,
1145 1812 1180 1869 et
1193 1803 1330 1868 aliorum
1344 1803 1533 1869 multorum.

390 1908 642 1973 Memorandum
666 1907 755 1993 quod
778 1906 830 1972 die
846 1907 949 1971 sancti
973 1905 1147 1986 Leonardi,
1163 1907 1262 1970 Anno
1285 1905 1422 1970 Domini
1440 1906 1548 1972 M⁰ce⁰

347 2010 568 2094 Nonagesimo
582 2009 708 2089 Tereia,
723 2010 800 2074 fecit
816 2007 983 2073 Galfridus
997 2008 1280 2094 Dringhcdregges
1295 2008 1335 2074 de
1351 2007 1547 2093 Ubbethorp

345 2112 532 2196 homagium
557 2122 592 2178 et
616 2112 806 2177 fidelitatem
820 2111 954 2176 domino
968 2111 1108 2176 Ricardo
1123 2111 1164 2176 de
1179 2111 1359 2176 Londcniis
1374 2109 1484 2176 abbati
1507 2111 1547 2175 de

348 2216 458 2301 Burgo
482 2216 585 2282 sancti
608 2216 706 2298 Petri,
731 2237 791 2302 pro
813 2226 898 2282 terra
921 2233 1018 2300 quam
1042 2223 1133 2279 tenet
1147 2214 1188 2279 de
1210 2214 1283 2300 ipso
1309 2215 1344 2278 in
1367 2213 1491 2300 campis
1506 2214 1547 2278 de

149 2347 164 2380 ο
220 2333 269 2380 'um
298 2347 311 2379 e
347 2318 518 2403 hurlehey,
544 2318 578 2382 in
603 2318 771 2404 presencia
796 2318 959 2384 Johannis
985 2316 1026 2382 de
1045 2317 1206 2395 Setfordc,
1221 2317 1294 2382 Ade
1318 2317 1359 2381 de
1374 2315 1546 2402 Clipstons

246 2432 253 2446 ·
347 2421 594 2500 monachorum,
608 2422 735 2486 Thorne
751 2421 791 2486 de
808 2420 983 2499 Hendone‚
999 2420 1082 2504 Elye
1098 2419 1277 2498 senescalli,
1292 2428 1326 2484 ct
1340 2418 1487 2483 aliorum.

391 2523 643 2588 Memorandum
669 2523 756 2609 quod
783 2523 835 2588 die
849 2521 1006 2589 Mercurii
1031 2521 1181 2607 proximo
1205 2531 1281 2587 ante
1306 2523 1427 2588 festum
1443 2523 1546 2587 sancti

348 2622 496 2689 Bamabe
515 2624 656 2710 apostoli
670 2645 757 2688 anno
772 2623 907 2689 Domini
934 2623 1064 2688 M⁰.cc⁰.
1079 2623 1300 2710 Nonagesimo
1317 2625 1454 2704 Quarto,
1469 2624 1546 2690 fecit

219 2736 225 2750 ‘
297 2751 311 2784 e
347 2726 515 2794 Johannes
528 2727 706 2814 Spegurnel
716 2727 959 2793 dewodeforde
970 2727 1158 2813 homagium
1169 2738 1203 2793 et
1212 2728 1399 2794 fidelitatem
1410 2729 1545 2794 domino

257 2833 265 2850 ⁸
348 2827 486 2894 Ricardo
501 2828 542 2894 de
557 2829 738 2896 Londcniis
752 2828 861 2894 abbati
876 2828 917 2893 de
933 2827 1043 2914 Burgo
1060 2829 1163 2894 sancti
1178 2830 1268 2895 Petri
1288 2830 1375 2915 apud
1391 2831 1472 2916 Eyc,
1484 2853 1543 2916 pro

345 2938 533 2994 tenemento
548 2930 636 3013 quod
661 2939 752 2995 tenet
766 2930 807 2994 de
820 2930 893 3013 ipso
907 2929 941 2993 in
957 2929 1035 2993 villa
1049 2929 1089 2994 de
1104 2929 1314 3008 Wodeiorde,
1329 2930 1364 2993 in
1378 2933 1544 3014 presencia

345 3031 469 3095 domini
483 3030 640 3095 Willelmi
661 3031 702 3096 de
717 3031 916 3096 Wodeiorde
941 3039 1021 3094 tunc
1047 3029 1180 3095 sacriste
1202 3031 1314 3116 Burgi,
1336 3030 1477 3096 Gilberti
1502 3032 1543 3097 de

346 3132 486 3196 Sottona
501 3141 536 3196 ct
549 3132 699 3197 aliorum.

387 3234 485 3298 Anno
502 3234 637 3298 Domini
664 3236 795 3301 M⁰.ec⁰.
814 3233 1036 3319 Nonagesimo
1058 3242 1185 3320 quarto,
1200 3233 1277 3300 iecit
1299 3235 1442 3300 Thomas
1457 3234 1542 3299 filius

344 3334 511 3419 Radulphi
526 3335 618 3401 Sorel
632 3335 817 3421 homagium
833 3344 867 3400 et
880 3333 1070 3400 fidelitatem
1080 3335 1213 3400 domino
1229 3335 1367 3401 Ricardo
1382 3336 1491 3402 abbati
1502 3337 1543 3402 de

123 3476 311 3538 Hmimd,
346 3438 457 3523 Burgo
468 3438 570 3503 sancti
584 3439 681 3518 Petri,
690 3459 751 3524 pro
762 3446 950 3503 tenemento
961 3437 1049 3522 quod
1058 3446 1150 3502 tenet
1158 3437 1199 3503 de
1210 3438 1283 3524 ipso
1294 3438 1329 3502 in
1339 3438 1542 3524 colingham,

122 3541 277 3604 coryngam
345 3541 380 3606 in
394 3541 562 3626 presencia
576 3540 701 3607 domini
715 3539 872 3606 Willclmi
887 3539 928 3604 de
942 3537 1154 3620 Wodcforde,
1178 3540 1342 3606 Johannis
1357 3541 1397 3606 de
1413 3540 1542 3608 Setford

345 3645 579 3710 monachorum
593 3654 628 3710 et
642 3643 777 3709 aliorum
792 3644 980 3709 multorum.

122 3845 184 3909 (sd,
195 3847 331 3912 mg)
854 3835 1037 3882 nonnam.

390 3953 643 4020 Memorandum
659 3956 746 4042 quod
764 3951 930 4020 Galfridus
946 3951 987 4017 de
1002 3950 1108 4038 Albey
1122 3951 1200 4018 fecit
1214 3952 1402 4038 homagium
1416 3959 1450 4017 et
1463 3951 1543 4018 fide·

345 4055 470 4120 litatem
485 4056 618 4124 domino
627 4059 765 4124 Ricardc
781 4058 821 4122 de
834 4054 1015 4120 Londcniis
1030 4053 1140 4118 abbati
1162 4055 1203 4119 de
1220 4055 1320 4139 Burgi
1335 4053 1438 4119 sancti
1454 4054 1542 4118 Petri

345 4158 431 4243 apud
445 4157 527 4244 Eye‚
538 4179 597 4243 pro
613 4169 697 4224 terra
707 4181 804 4244 quem
817 4157 897 4222 emit
911 4158 951 4223 de
962 4156 1106 4222 Robcrto
1124 4157 1316 4222 Marescallo
1326 4158 1366 4222 de
1378 4155 1499 4241 Bmgn,
1507 4155 1539 4218 in
