3938 5022
675 657 888 703 cunoureos
907 657 1233 704 varaoacnoausn.
1518 647 1559 704 89

361 827 563 893 comparens,
588 811 808 896 quasdamque
837 812 1047 897 excepciones
1076 811 1110 874 in
1141 809 1269 896 scriptis
1299 831 1497 896 proponens,
1527 809 1561 875 et

361 911 538 976 eorundem
553 913 648 978 nobis
664 921 697 978 et
712 915 799 979 dicto
815 915 931 980 clerico
947 915 1075 1000 copiam
1089 915 1221 993 faciens,
1230 914 1318 978 idem
1335 913 1469 978 clericus
1485 913 1560 998 quia

361 1015 531 1080 videbatur
546 1017 607 1081 sibi
623 1017 741 1082 dictam
757 1019 952 1103 peticionem
977 1041 1070 1082 suam
1095 1019 1193 1082 nimis
1216 1019 1409 1104 generalem,
1424 1018 1519 1082 aliam
1542 1041 1561 1081 a

360 1116 477 1201 priore,
492 1127 529 1181 ut
544 1118 635 1194 dixit,
652 1119 878 1184 declarativam
893 1120 988 1185 nobis
1008 1131 1041 1185 et
1062 1121 1263 1206 procuratori
1278 1122 1402 1206 prefato
1417 1119 1562 1206 porrexit

360 1217 394 1281 in
411 1219 549 1303 scriptis,
563 1229 748 1304 protestans
764 1243 799 1285 se
814 1222 900 1287 nolle
914 1244 934 1286 a
946 1221 1068 1286 virtute
1088 1231 1122 1286 et
1144 1223 1248 1286 forma
1262 1222 1368 1286 littere
1383 1221 1560 1306 provisorie

359 1317 538 1403 aliqualiter
559 1322 718 1400 recedere,
734 1323 791 1386 sed
815 1323 928 1387 eadem
951 1323 1051 1387 inniti
1063 1323 1156 1401 velle,
1178 1333 1213 1388 et
1237 1332 1374 1408 utraque
1400 1323 1561 1408 peticione
1637 1375 1639 1380 .

360 1421 409 1484 uti
434 1443 508 1486 cum
535 1424 654 1488 effectu
680 1429 750 1487 sine
776 1425 936 1509 solempni
958 1425 1062 1509 figura
1072 1424 1228 1508 judiciali,
1243 1434 1402 1508 quatenus
1425 1424 1561 1508 qualitas

359 1526 484 1609 negocii
507 1527 709 1612 permitteret
727 1527 897 1590 memorati
908 1551 917 1606 ;
940 1537 1073 1611 propter
1098 1527 1185 1612 quod
1200 1549 1241 1590 ex
1255 1526 1459 1591 habundanti
1488 1549 1561 1612 pre·

359 1629 490 1692 fiximus
515 1630 630 1694 iterato
656 1629 856 1714 procuratori
881 1629 1027 1714 predicto
1051 1639 1085 1694 et
1107 1629 1174 1694 suis
1202 1629 1344 1694 dominis
1366 1629 1400 1692 in
1422 1649 1562 1714 persona

358 1732 462 1816 ipsius
473 1733 657 1818 proximum
664 1734 753 1798 diem
759 1731 934 1818 juridicum
945 1742 1019 1796 ante
1030 1733 1150 1796 festum
1162 1744 1271 1797 sancte
1282 1732 1560 1812 Katerine‚coram

359 1833 455 1898 nobis
470 1835 557 1919 apud
572 1834 709 1899 Brakele
735 1835 776 1898 ad
797 1834 1046 1919 proponendum
1069 1834 1175 1899 adhuc
1197 1833 1350 1919 quicquid
1369 1835 1560 1899 canonicum

359 1935 527 2018 baberent,
556 1960 621 2022 quo
651 1959 685 2002 se
715 1947 828 2002 contra
860 1937 1019 2022 premissa
1048 1937 1132 2000 tueri
1160 1937 1301 2022 possint,
1330 1937 1560 2024 privilegioque

359 2041 494 2125 allegata
509 2063 566 2105 seu
581 2041 642 2104 alia
656 2041 850 2118 exhibenda,
865 2041 954 2104 etad
969 2038 1173 2124 probandum
1199 2061 1236 2104 ac
1262 2040 1444 2104 docendum
1466 2041 1562 2125 plane

359 2143 400 2209 de
415 2143 579 2228 predictis,
595 2165 657 2228 que
673 2143 735 2207 sibi
749 2143 891 2207 viderint
916 2142 1068 2227 expedire
1093 2151 1127 2207 et
1152 2142 1192 2206 ad
1220 2143 1443 2208 defensionem
1469 2165 1561 2208 suam

360 2248 505 2311 sufficere
520 2255 657 2332 possent
671 2246 705 2309 in
721 2245 783 2310 hoc
809 2267 907 2309 casu:
934 2266 1061 2309 necnon
1088 2253 1121 2309 et
1143 2245 1184 2308 ad
1199 2245 1383 2309 faciendum
1398 2255 1432 2309 et
1446 2246 1561 2330 recipi·

359 2349 480 2414 endum
496 2369 594 2434 super
604 2347 789 2434 propositas
800 2356 835 2411 et
844 2347 1083 2430 proponendas,
1095 2367 1131 2410 ac
1142 2345 1277 2409 ulterius
1291 2348 1325 2409 iu
1341 2355 1412 2411 toto
1427 2348 1561 2430 negocio

359 2454 447 2538 quod
465 2453 548 2537 juris
563 2452 660 2517 fuerit
674 2461 707 2516 et
728 2449 877 2515 racionis.
922 2447 1014 2515 Quos
1036 2447 1121 2511 diem
1145 2455 1178 2511 et
1202 2448 1310 2512 locum
1325 2448 1412 2514 dicto
1427 2449 1561 2535 pauperi

359 2553 474 2619 clerico
489 2562 523 2618 et
537 2553 635 2618 etiam
649 2553 775 2617 Thome
791 2550 928 2636 Deyvile
952 2551 1066 2616 clerico
1090 2549 1185 2614 nobis
1207 2561 1284 2635 post
1306 2551 1561 2626 reservacionem

359 2665 393 2720 et
422 2656 587 2722 decretum
611 2655 796 2742 supradicta
822 2653 862 2717 ad
882 2653 988 2737 ipsam
1010 2652 1177 2718 ecclesiam
1194 2663 1393 2738 presentato,
1417 2655 1560 2740 presenti

358 2759 580 2843 personaliter,
596 2758 786 2844 copiamque
811 2756 1043 2842 premissorum
1067 2755 1239 2841 optinenti,
1260 2755 1494 2842 assignavimus
1519 2756 1560 2821 ad

358 2861 443 2926 idem
459 2861 652 2926 faciendum.

403 2963 477 3028 Hiis
492 2963 651 3049 peractis3
666 2961 820 3046 predictis
836 2959 889 3024 die
911 2969 945 3024 et
955 2959 1027 3024 loco
1042 2968 1294 3043 comparuerunt
1308 2959 1444 3044 predicti
1459 2959 1558 3024 abbas

358 3075 392 3129 et
431 3073 611 3128 conventus
651 3085 710 3147 per
738 3071 978 3146 procuratorem
1018 3080 1113 3122 suum
1148 3058 1355 3142 legittimum,
1385 3080 1422 3122 ac
1452 3059 1558 3124 dictus

357 3164 543 3229 Willelmus
559 3163 720 3248 Campiun
735 3161 946 3246 personaliter
961 3159 1081 3224 ibidem
1097 3158 1280 3242 comparuit
1288 3179 1394 3222 coram
1412 3161 1558 3243 predicto

358 3267 522 3352 episcopo,
537 3287 601 3351 quo
613 3286 673 3350 pro
688 3263 843 3329 tribunali
858 3261 1012 3340 sedenta;
1038 3259 1246 3345 recitatisque
1265 3260 1299 3323 in
1310 3259 1434 3343 judicio
1450 3283 1558 3328 coram

357 3369 413 3435 illo
438 3366 687 3455 excepcionibus
714 3387 812 3452 supra
826 3364 946 3430 notatis
966 3363 1045 3442 folio
1069 3363 1228 3448 septim03
1244 3362 1417 3448 habitaque
1442 3385 1558 3450 magna

356 3473 567 3539 altercacione
581 3471 667 3535 inter
681 3479 790 3555 partes
806 3488 903 3552 super
916 3465 1052 3544 eisdem,
1066 3464 1197 3528 demum
1224 3465 1368 3549 prelatus
1383 3465 1557 3551 episcopus

356 3576 604 3663 interloquendo
633 3571 861 3660 pronunciavit
889 3571 958 3635 fore
987 3567 1229 3654 procedendum
1258 3568 1300 3631 ad
1339 3568 1557 3652 provisionem

357 3678 435 3744 dicti
450 3677 607 3742 Willelmi
622 3676 663 3742 de
687 3673 821 3740 ecclesia
839 3670 985 3757 predicta
1010 3669 1050 3734 de
1072 3668 1245 3754 Cloptona,
1260 3689 1325 3733 non
1351 3667 1559 3735 obstantibus

357 3779 607 3866 excepcionibus
621 3775 865 3865 prenominatis.
903 3775 1096 3838 Procurator
1105 3793 1184 3838 vero
1199 3771 1417 3856 predictorum
1432 3771 1559 3856 religio·

358 3904 468 3947 sorum
497 3882 538 3946 ab
567 3879 755 3966 hujusmodi
788 3875 1031 3942 interlocutoria
1061 3896 1119 3940 seu
1148 3873 1419 3960 pronunciacione
1449 3874 1559 3938 sedem

358 3983 568 4070 apostolicam
598 3993 631 4048 et
660 3984 771 4048 sedem
801 3980 975 4046 Cantuarie
1004 4001 1064 4064 pro
1092 3977 1236 4044 tuicione
1265 3976 1494 4063 appellacionis
1518 3976 1558 4041 ab

358 4085 473 4150 eodem
488 4087 641 4171 episcopo
655 4085 873 4150 incontinenti
887 4083 1044 4170 legittime
1058 4081 1221 4168 apellavit,
1235 4081 1377 4146 adiciens
1403 4079 1558 4165 quasdam

359 4188 537 4274 peticiones
555 4185 616 4251 sub
630 4187 691 4252 hac
705 4186 810 4251 forma
821 4208 875 4250 ι-

403 4309 517 4354 onan.
534 4305 607 4353 sou.
1362 4303 1387 4344 ιι
