3938 5022
398 619 441 678 80
717 635 931 678 cunonncorv
956 632 1282 676 rsrncsuncsrvss.

398 785 508 850 bitatis
523 786 641 850 merita
657 786 696 849 de
709 785 909 870 competenti
924 785 1083 852 beneficio
1094 807 1167 850 cum
1184 805 1261 850 cura
1275 783 1328 848 vel
1343 783 1412 848 sine
1428 805 1504 848 cura
1519 805 1596 848 con-

398 897 491 952 sueto
500 888 541 951 ab
552 888 628 952 olim
638 887 762 953 clericis
774 887 972 952 secularibus
981 887 1148 972 assignari,
1157 894 1324 971 spectante
1333 886 1373 949 ad
1385 885 1592 953 collacionem

396 989 449 1053 vel
464 989 741 1074 presentacionem
758 989 948 1053 dilectorum
970 989 1111 1052 filiorum
1126 986 1252 1052 abbatis
1275 997 1308 1051 et
1330 997 1511 1052 conventus
1525 1011 1596 1052 mo·

397 1092 529 1156 nestorii
550 1091 653 1156 sancti
668 1092 756 1156 Petri
773 1093 813 1157 de
828 1093 938 1177 Burgo
954 1092 1077 1156 ordinis
1101 1091 1206 1156 sancti
1229 1091 1400 1155 Benedicti
1425 1091 1595 1156 Lincolnie

398 1193 535 1258 diocesis
561 1194 760 1278 conjunctim
783 1195 836 1259 vel
863 1193 1003 1273 divisim,
1030 1194 1057 1258 si
1081 1193 1169 1279 quod
1192 1193 1227 1256 in
1253 1191 1383 1256 civitate
1397 1191 1450 1255 vel
1474 1191 1596 1257 diocesi

397 1305 491 1360 vacat
505 1295 546 1359 ad
561 1317 705 1380 presens,
720 1295 773 1360 vel
794 1318 891 1380 quam
907 1295 972 1360 cito
987 1296 1028 1359 ad
1047 1296 1081 1359 id
1105 1295 1260 1381 optulerit
1278 1316 1312 1358 se
1334 1295 1480 1369 facultas,
1502 1295 1596 1358 dum-

398 1398 496 1463 modo
511 1399 658 1463 nondum
673 1420 733 1484 pro
744 1397 807 1463 alio
818 1399 1041 1484 scripserimus
1054 1421 1151 1484 super
1161 1399 1356 1463 conferendo
1366 1396 1428 1461 sibi
1438 1397 1595 1462 beneficio

397 1499 439 1564 ad
453 1500 585 1566 eosdem
600 1499 752 1564 abbatem
767 1509 801 1564 et
824 1510 1022 1566 conventum
1037 1501 1231 1586 pertinente,
1250 1501 1301 1566 vel
1328 1499 1392 1585 ipsi
1417 1521 1484 1563 non
1499 1519 1596 1584 super

397 1604 528 1668 alterius
542 1604 729 1689 provisione
743 1604 935 1670 auctoritate
950 1615 1063 1670 nostra
1083 1605 1218 1690 gravati,
1232 1627 1292 1690 per
1310 1613 1344 1669 te
1359 1604 1411 1668 vel
1425 1625 1483 1688 per
1497 1603 1595 1667 alium

398 1729 456 1771 seu
474 1707 553 1772 alios
569 1707 738 1792 providere
752 1709 910 1792 procuris,
925 1707 1083 1772 inducens
1098 1730 1173 1773 eum
1199 1708 1233 1771 in
1254 1708 1452 1792 corporalem
1467 1727 1596 1791 posses-

398 1811 524 1874 sionem
538 1810 640 1895 ipsius
657 1809 805 1875 beneficii
815 1821 850 1875 et
864 1811 1042 1875 defendens
1057 1811 1238 1889 inductum,
1250 1833 1287 1874 ac
1298 1810 1417 1874 faciens
1432 1810 1540 1895 ipsum
1555 1809 1596 1873 ad

398 1912 489 1992 illud,
505 1912 533 1976 si
548 1913 581 1976 in
597 1914 731 1978 ecclesia
745 1914 913 1999 collegiata
923 1914 1031 1994 fuerit,
1046 1914 1081 1978 in
1095 1914 1287 1978 canonicum
1301 1913 1401 1998 recipi
1426 1924 1460 1978 et
1484 1914 1518 1978 in
1533 1915 1597 1978 fra-

399 2027 494 2094 trem,
517 2024 690 2098 postquam
715 2015 756 2080 de
780 2015 853 2100 ipso
879 2026 1014 2080 vacante
1040 2016 1102 2080 sibi
1127 2016 1296 2102 provisum
1321 2017 1473 2081 extiterit.
1518 2017 1596 2082 Non

399 2115 549 2181 obstante
564 2117 592 2180 si
607 2117 690 2181 forte
707 2117 949 2200 predecessores
968 2119 1072 2183 nostri
1093 2119 1234 2184 Romani
1248 2119 1420 2205 pontifices
1444 2120 1484 2184 de
1498 2120 1597 2185 bene-

398 2219 479 2284 ficiis
495 2220 536 2283 ad
559 2219 720 2284 dictorum
731 2219 863 2311 abbatis
878 2231 912 2285 et
931 2238 1112 2286 conventus
1127 2221 1338 2287 collacionem
1352 2222 1405 2286 vel
1430 2233 1596 2308 presenta-

397 2324 525 2388 cionem
541 2323 765 2409 spectantibus
777 2324 975 2389 fecerintvel
991 2325 1214 2390 mandaverint
1228 2325 1299 2389 aliis
1314 2325 1487 2411 provideri,
1503 2325 1597 2390 dum-

398 2428 496 2492 modo
512 2450 579 2492 non
603 2427 712 2513 plures
739 2450 836 2513 quam
860 2427 925 2492 duo
940 2450 982 2492 ex
1006 2427 1081 2507 illis,
1096 2428 1214 2514 quibus
1239 2430 1391 2494 volumus
1406 2430 1597 2494 auctoritate

396 2531 600 2614 presencium
626 2552 778 2614 generare
798 2530 954 2595 beneficia
977 2531 1104 2596 racione
1124 2531 1311 2616 hujusmodi
1331 2531 1525 2616 provisionis
1541 2555 1597 2598 ex·

397 2641 549 2714 pectent3
575 2632 626 2695 vel
647 2633 675 2695 si
697 2633 819 2696 eisdem
846 2632 954 2696 abbati
981 2645 1015 2697 et
1036 2635 1212 2697 conventui
1237 2655 1295 2696 seu
1321 2634 1468 2718 personis
1493 2635 1596 2716 ipsius

397 2733 543 2812 ecclesie,
567 2733 600 2796 in
617 2734 768 2818 quesibi
793 2733 945 2798 duximus
961 2736 1211 2819 providendum,
1235 2736 1346 2800 asede
1361 2737 1538 2819 apostolica
1553 2738 1596 2800 sit

397 2837 561 2901 indultum
577 2837 666 2922 quod
688 2837 730 2900 ad
752 2837 974 2921 recepcionem
997 2839 1049 2902 vel
1074 2838 1296 2924 provisionem
1311 2839 1447 2924 alicujus
1462 2840 1596 2905 minime

397 2949 578 3019 teneantur,
593 2939 744 3025 quodque
759 2941 801 3003 ad
822 2939 856 3002 id
871 2940 1033 3024 compelli,
1049 2948 1105 3005 aut
1127 2941 1215 3026 quod
1229 2941 1379 3006 interdici
1394 2965 1451 3007 seu
1467 2964 1596 3007 excom·

397 3041 554 3106 municari
582 3062 650 3105 non
679 3041 819 3125 possint,
847 3041 900 3104 vel
923 3042 1010 3126 quod
1034 3043 1112 3107 alias
1136 3053 1275 3128 nequeat
1300 3044 1341 3109 de
1364 3044 1537 3130 prebendis
1563 3054 1597 3110 et

396 3144 561 3210 beneficiis
576 3145 617 3208 ad
632 3143 777 3228 ipsorum
792 3143 918 3208 abbatis
934 3155 968 3209 et
982 3155 1162 3210 conventus
1178 3145 1387 3212 collacionem
1402 3147 1455 3212 vel
1465 3169 1597 3233 presen-

396 3248 556 3314 tacionem
572 3247 795 3333 spectantibus
809 3247 970 3333 aliquibus
986 3249 1155 3334 providere
1170 3270 1229 3335 par
1253 3250 1377 3316 litteras
1392 3251 1594 3337 apostolicas,

396 3373 465 3416 non
488 3351 641 3414 facientes
667 3350 796 3434 plenam
820 3359 855 3414 et
880 3372 1068 3436 expressam
1083 3351 1124 3415 de
1138 3350 1267 3415 indulto
1292 3352 1481 3437 hujusmodi
1506 3375 1597 3416 men·

272 3473 285 3520 ·.
324 3507 330 3520 .
397 3453 535 3530 cionem,
551 3474 607 3516 seu
623 3451 767 3536 qualibet
782 3457 795 3532 l
810 3452 872 3516 alia
894 3454 1018 3537 prefate
1042 3453 1129 3517 sedis
1143 3453 1348 3538 indulgencia
1362 3455 1595 3539 cujuscumque

398 3554 520 3619 tenoris
535 3553 664 3632 existat,
679 3575 738 3638 per
761 3576 858 3640 quarn
874 3555 1010 3619 effectus
1025 3557 1231 3639 presencium
1247 3556 1397 3640 impediri
1411 3556 1518 3619 valeat
1543 3555 1596 3619 vel

398 3655 529 3735 differri,
558 3665 592 3718 et
617 3656 658 3720 de
681 3677 745 3740 que
768 3655 803 3718 in
829 3657 951 3720 nostris
976 3656 1093 3719 litteris
1119 3656 1322 3720 mencionem
1348 3656 1418 3720 fieri
1447 3666 1597 3740 oporteat

396 3757 577 3842 specialem,
608 3757 861 3822 contradictores
890 3779 948 3842 per
984 3779 1153 3822 censuram
1182 3757 1430 3823 ecclesiasticam
1465 3779 1596 3843 compe·

397 3861 528 3926 scendo.
574 3860 626 3924 lta
654 3870 762 3924 tamen
783 3861 878 3945 quod
900 3861 987 3925 idem
1012 3859 1157 3940 clericus,
1181 3861 1266 3925 sicut
1279 3861 1413 3946 requirit
1432 3883 1516 3926 onus
1539 3862 1597 3928 be-

397 3964 503 4029 neficii
527 3963 651 4048 dequo
672 3962 736 4026 sibi
759 3962 927 4047 provisum
951 3963 1060 4042 fuerit,
1086 3963 1127 4028 ad
1153 3963 1283 4029 ordines
1313 3965 1443 4028 statutis
1469 3977 1597 4051 tempo-

395 4065 486 4139 ribus
501 4089 536 4132 se
554 4065 652 4131 facist
666 4063 860 4151 promoveri,
874 4075 908 4129 et
922 4065 1135 4150 personaliter
1149 4065 1289 4132 resideat
1303 4067 1337 4131 in
1353 4067 1490 4148 eodem;
1516 4069 1595 4133 alio-

396 4171 486 4258 quin,
501 4170 530 4236 si
554 4171 626 4258 ipse
651 4179 689 4236 ut
708 4168 885 4256 predicitur
911 4191 946 4234 se
960 4170 1145 4256 promoveri
1168 4192 1235 4236 non
1260 4170 1384 4252 fecerit,
1409 4171 1597 4257 hujusmodi
