3812 5030
219 3444 373 3492 Staunlorda.

222 4149 375 4197 Staunlorda.

435 597 477 655 44
753 609 966 654 canonicos·
984 607 1311 652 rurnosunoasss.

436 760 608 828 antedictis
629 760 670 824 ad
698 760 963 845 respondendum
993 759 1127 823 domino
1153 757 1231 843 regi,
1255 779 1321 842 quo
1345 767 1488 823 warento
1520 758 1639 823 clamat

435 865 555 930 habere
580 865 698 941 furcas,
721 863 865 928 wrekum
890 863 998 942 maris,
1021 871 1191 927 retumum
1212 861 1360 926 brevium
1390 861 1515 926 domini
1543 860 1639 946 regis,

436 967 554 1054 placita
575 966 616 1030 de
630 966 740 1030 namio
754 965 867 1045 vetito,
883 975 917 1030 et
936 965 1089 1030 emendas
1104 964 1205 1028 assiae
1220 964 1314 1049 panis
1328 974 1363 1029 et
1377 965 1512 1029 cervisie
1527 964 1639 1041 fracte,

436 1073 472 1135 in
501 1070 594 1134 terris
626 1069 692 1132 suis
722 1069 763 1133 de
794 1067 1063 1148 Goseberchirke,
1089 1067 1372 1154 Quadhaveringe,
1400 1069 1471 1133 sine
1504 1065 1640 1132 licencia

441 1183 502 1238 etc.
517 1194 692 1257 perunum
706 1171 816 1236 breve.

484 1275 529 1339 Et
545 1297 609 1361 quo
624 1283 766 1338 warento
781 1275 899 1340 clamat
920 1273 1038 1338 habere
1059 1283 1228 1338 returnum
1243 1273 1391 1339 brevium
1407 1273 1530 1339 domini
1544 1272 1639 1358 regis,

438 1378 571 1442 liberam
586 1398 781 1456 warennam,
796 1387 830 1442 et
840 1377 994 1442 emendas
1010 1376 1111 1442 assiae
1126 1377 1220 1462 panis
1235 1387 1269 1441 et
1283 1375 1417 1442 cervisie
1431 1377 1542 1456 fracte,
1552 1375 1639 1460 apud

440 1482 666 1546 Fislrertonam
683 1480 752 1546 sine
767 1479 901 1544 licencia
915 1490 977 1545 etc.
993 1479 1132 1566 perduc
1148 1479 1268 1545 brevia.

482 1586 528 1649 Et
551 1606 649 1670 quare
670 1606 737 1648 non
763 1584 924 1669 permittit
938 1583 1076 1648 villanos
1099 1604 1177 1647 suos
1195 1583 1235 1647 de
1252 1580 1504 1662 Gosberchirlre,
1527 1582 1639 1648 Quad-

437 1687 622 1772 hamingo,
646 1696 679 1750 et
707 1687 923 1772 Duningtona
938 1687 1044 1750 iacere
1071 1693 1193 1749 sectam
1216 1685 1257 1749 ad
1271 1677 1489 1770 wapentacam
1516 1685 1640 1749 domini

438 1791 522 1876 regis
534 1791 574 1855 de
591 1789 780 1854 Kerketona
794 1810 890 1873 quam
905 1789 946 1852 ad
961 1789 1041 1852 illud
1061 1789 1164 1852 facere
1184 1787 1306 1853 debent
1331 1799 1392 1853 etc.
1408 1809 1467 1875 per
1489 1797 1638 1873 quartum

439 1894 547 1958 breve.

483 1995 528 2058 Et
553 2015 617 2078 quo
643 2003 787 2058 warento
813 1993 930 2058 clamat
953 1993 1072 2059 habere
1097 1993 1231 2058 liberam
1251 2015 1446 2074 warennam,
1460 1993 1579 2078 placita
1598 1994 1638 2057 de

439 2095 548 2159 namio
563 2094 675 2172 vetito,
691 2103 856 2158 retumum
868 2093 1015 2159 brevium
1027 2095 1151 2160 domini
1163 2097 1256 2181 regis,
1266 2096 1419 2161 emendas
1434 2095 1534 2160 assiae
1546 2095 1638 2180 panis

440 2207 474 2262 et
495 2195 629 2261 cervisie
644 2197 755 2274 fracte,
770 2206 804 2260 et
818 2198 935 2276 furcas,
950 2197 984 2261 in
1005 2198 1099 2263 terris
1118 2199 1186 2263 suis
1209 2200 1250 2264 de
1273 2199 1406 2265 Scotere
1422 2199 1491 2264 sine
1505 2198 1640 2264 licencia

439 2310 501 2364 etc.
517 2320 575 2383 per
589 2299 740 2383 quintum
756 2297 863 2363 breve.

482 2401 529 2465 Et
554 2421 619 2484 quo
641 2409 784 2465 warento
808 2400 926 2465 clamat
948 2399 1067 2466 habere
1093 2401 1126 2466 in
1154 2401 1299 2466 manerio
1315 2423 1375 2466 suo
1390 2402 1431 2466 de
1447 2401 1640 2467 Fislrertona

438 2503 555 2581 furcas,
569 2503 675 2566 visum
692 2503 793 2567 frenci
807 2503 914 2587 plegii,
930 2514 964 2567 et
979 2505 1072 2590 ways.

482 2605 528 2669 Et
543 2627 607 2688 quo
621 2613 764 2668 warento
787 2605 904 2669 clamat
917 2605 1036 2672 habere
1056 2607 1090 2671 in
1105 2608 1250 2672 manerio
1266 2631 1325 2673 suo
1340 2609 1381 2672 de
1398 2608 1530 2673 Scotere
1545 2610 1639 2695 weyf,

439 2717 617 2772 mercatum
632 2715 666 2770 et
681 2708 804 2781 feriam,
814 2729 927 2791 capere
943 2710 1164 2790 standardum,
1175 2712 1282 2776 visum
1297 2712 1399 2776 franci
1414 2711 1523 2797 plegii,
1543 2723 1578 2776 et
1601 2733 1640 2776 ea

439 2830 501 2894 que
516 2809 557 2872 ad
573 2817 748 2872 mercatum
766 2819 800 2873 et
814 2809 925 2874 feriam
941 2812 1117 2895 pertinent.

481 2913 528 2977 Et
542 2912 660 2976 clamat
674 2911 707 2974 in
723 2911 867 2976 manerio
883 2934 943 2977 suo
960 2913 1001 2977 de
1017 2914 1277 2981 Gosebercbirke
1292 2938 1367 2980 cum
1389 2917 1543 2982 membris
1561 2918 1639 2997 auis,

438 3015 599 3095 videlicet,
630 3013 900 3101 Quadhaveringe
936 3024 970 3081 et
1000 3017 1225 3102 Duningtona,
1254 3019 1371 3097 furcas,
1397 3019 1505 3083 visum
1538 3019 1640 3084 franci

438 3119 549 3204 plegii,
564 3128 598 3184 et
612 3119 705 3205 weyf.

482 3223 529 3286 Et
552 3244 616 3306 quo
643 3233 784 3286 warento
809 3221 926 3286 clamat
951 3222 1070 3288 habere
1092 3224 1197 3288 furcas
1224 3223 1258 3288 in
1283 3224 1427 3310 Turleby
1449 3235 1483 3289 et
1505 3225 1639 3290 liberam

440 3343 623 3387 warennam
637 3323 672 3387 in
687 3323 840 3387 omnibus
856 3325 1026 3389 dominicis
1042 3327 1137 3390 terris
1153 3327 1221 3391 suis
1236 3327 1270 3391 in
1286 3327 1465 3392 Walecote.

484 3427 531 3490 Et
567 3448 632 3510 quo
662 3435 805 3490 warento
835 3427 952 3491 clamat
977 3429 1096 3493 babere
1127 3429 1161 3492 in
1187 3428 1360 3494 Stanforda
1387 3429 1472 3493 ultra
1504 3439 1640 3515 pontem

440 3548 553 3590 versus
580 3529 771 3590 comitatum
792 3527 1030 3594 Norbamtonie
1053 3531 1171 3610 furcas,
1186 3531 1340 3595 emendas
1366 3531 1466 3595 assiae
1488 3531 1581 3616 panis
1607 3540 1642 3596 et

440 3628 575 3694 cervisie
597 3629 708 3708 fracte,
731 3629 826 3714 weyi,
847 3641 1015 3693 retumum
1040 3630 1188 3696 brevium
1213 3632 1336 3698 domini
1358 3632 1453 3718 regis,
1468 3634 1585 3717 placita
1600 3634 1641 3700 de

441 3731 549 3795 namio
564 3731 678 3809 vetito,
700 3740 858 3794 extractas
880 3731 1028 3797 brevium
1053 3733 1176 3799 domini
1199 3735 1293 3821 regis,
1313 3745 1348 3801 et
1371 3736 1533 3821 quoddam
1557 3737 1642 3802 tolo-

442 3854 540 3896 neum
555 3833 643 3919 quod
657 3843 791 3897 vocatur
804 3832 954 3898 Thurtol.

487 3933 533 3997 Et
551 3954 616 4018 quo
637 3944 778 3997 warentc
804 3933 920 3999 clamat
944 3935 1063 4003 habere
1087 3939 1175 4024 apud
1192 3939 1336 4004 Grabam
1362 3939 1515 4005 emendas
1540 3943 1640 4008 assiae

444 4036 538 4122 panis
561 4046 594 4100 et
614 4035 746 4100 cervisie
761 4036 872 4116 fracte,
887 4038 995 4103 visum
1015 4040 1116 4106 franci
1131 4040 1239 4127 plegii,
1254 4051 1288 4106 et
1302 4065 1415 4128 capere
1431 4045 1641 4110 standardum

446 4139 485 4203 de
502 4138 687 4204 marescallo
703 4138 826 4203 domini
842 4141 923 4225 regis
939 4141 1071 4222 ibidem,
1087 4153 1120 4208 et
1134 4144 1282 4210 similiter
1296 4146 1382 4230 apud
1399 4146 1616 4212 Stanfordam.
