3812 5030
63 1519 97 1568 8⁸
108 1521 231 1582 excepcio.

66 2348 97 2394 4·
109 2348 229 2408 crespeio.

71 3175 230 3236 oweixcpoo.

614 663 827 710 cunonrcon
844 665 1171 712 rrrnonuacrrvsrr.
1453 639 1495 698 49

296 803 415 879 visorie
439 803 516 878 dicti
545 811 702 880 Willelmi
725 805 766 880 de
790 803 995 902 indulgencia
1017 817 1163 905 predicta
1182 835 1249 879 non
1272 800 1427 877 facientes
1453 809 1494 872 de

296 917 484 1002 hujusmodi
509 919 713 984 mencionem
739 929 851 985 carent
875 923 1004 1000 effectu,
1029 943 1089 986 nec
1116 941 1175 986 vos
1205 939 1316 983 earum
1343 921 1494 998 pretextu

295 1013 469 1103 procedere
483 1020 622 1105 potestis
637 1041 698 1086 nec
713 1021 839 1087 debetis
855 1023 896 1087 ad
911 1023 1140 1089 exeoucionem
1155 1021 1336 1136 aliqualem.

339 1121 424 1186 Item
448 1143 597 1209 propono
618 1125 706 1210 quod
732 1147 808 1190 cum
834 1147 901 1191 non
927 1126 968 1191 de
990 1127 1058 1192 vita
1080 1135 1115 1191 et
1140 1121 1389 1190 conversacione
1408 1111 1494 1180 dicti

298 1217 450 1288 Willelmi
461 1225 557 1309 juxta
570 1225 708 1293 formam
725 1226 869 1291 mandati
890 1227 1060 1313 apostolici
1070 1226 1229 1312 legittime
1244 1225 1287 1288 sit
1301 1219 1493 1307 inquisitum

293 1322 327 1387 in
342 1325 446 1390 forma
457 1326 551 1412 juris,
567 1328 641 1413 quia
657 1329 798 1393 dominis
818 1327 899 1393 meis
914 1327 1067 1413 predictis
1089 1328 1132 1391 ad
1152 1327 1216 1392 hoc
1231 1348 1299 1390 non
1315 1323 1437 1389 vocati·
1452 1320 1494 1384 ad

293 1425 513 1511 provisionem
525 1423 604 1496 dicti
618 1430 776 1495 Willelmi
790 1430 964 1514 procedere
978 1452 1045 1494 ιιοιι
1060 1428 1211 1514 potestis.

338 1530 435 1608 Item,
450 1553 526 1595 cum
545 1533 586 1597 de
601 1533 754 1597 mandato
775 1542 862 1597 retro
877 1531 1069 1616 pontificum
1093 1531 1316 1595 Romanorum
1331 1528 1372 1592 de
1391 1526 1493 1592 eccle-

296 1627 432 1695 siasticis
447 1626 613 1696 beneficiis
627 1623 846 1697 addictorum
867 1623 1089 1717 religiosorum
1106 1619 1385 1717 presentationem
1401 1648 1493 1711 spec·

294 1731 440 1796 tentibus
456 1743 595 1818 quatuor
604 1735 657 1800 vel
668 1735 812 1820 quinque
826 1735 948 1800 clericis
961 1734 1004 1799 sit
1017 1733 1197 1834 provisum,
1208 1755 1245 1798 ac
1259 1723 1492 1798 monasterium

295 1833 504 1899 eorundem
494 1857 530 1899 ιιι
554 1836 617 1901 hoc
640 1836 714 1900 ab
706 1858 778 1921 rpsa
802 1836 878 1902 sede
897 1836 1075 1920 apostolica
1098 1827 1268 1901 oneratum
1290 1833 1418 1913 existat,
1432 1854 1493 1897 vos

295 1938 336 2002 ad
350 1934 570 2023 provisionem
585 1939 664 2004 dicti
673 1939 830 2006 Willelmi
840 1933 1038 2040 Campyun
1028 1963 1064 2006 ιιι
1078 1941 1139 2005 hac
1153 1948 1246 2026 parte
1260 1937 1492 2003 monasterium

294 2039 404 2126 ipsum
431 2041 566 2106 ulterius
595 2044 760 2108 onerando
789 2044 963 2129 procedere
992 2066 1060 2109 non
1088 2042 1237 2140 potestis,
1261 2063 1322 2106 nec
1340 2041 1432 2106 ''de
1419 2061 1493 2126 Jure

295 2141 431 2224 debetis,
446 2165 521 2209 cum
544 2145 715 2211 mandator
739 2167 807 2211 non
832 2145 1020 2228 intenderit,
1035 2145 1091 2232 qui
1115 2145 1209 2212 vobis
1233 2144 1356 2210 litteras
1384 2142 1493 2227 dirigit

294 2245 472 2332 presentes.

337 2351 423 2417 Item
448 2374 522 2417 cum
543 2363 608 2419 tres
624 2349 683 2420 'vel
700 2365 839 2440 quatuor
860 2355 978 2434 clerici,
993 2353 1112 2440 quibus
1136 2355 1176 2419 de
1201 2339 1366 2422 beneficiis
1391 2352 1492 2418 eccle-

293 2453 430 2518 siasticis
445 2453 487 2518 ad
501 2456 779 2540 presentacionem
796 2456 864 2521 sive
879 2455 1089 2521 collacionem
1109 2455 1270 2522 dictorum
1286 2452 1491 2519 dominorum

293 2576 439 2620 meorum
466 2555 688 2672 spectantibus
714 2579 733 2621 a
759 2557 836 2622 sede
870 2555 1048 2674 apostolica
1072 2556 1243 2642 providere
1268 2555 1491 2634 mandabatur,

293 2655 453 2723 beneficia
464 2653 592 2723 racione
609 2659 1005 2762 hujusmodiprovisionis
1028 2660 1135 2725 adhuc
1158 2669 1354 2746 expectent3
1369 2681 1428 2724 vos
1440 2646 1492 2724 ad

291 2759 513 2845 provisionem
547 2757 640 2826 dicti
658 2761 815 2828 Willelmi
846 2772 997 2848 pretextu
1028 2752 1208 2830 litterarum
1240 2763 1492 2860 provisoriarnm

293 2861 410 2927 vobis
401 2885 436 2926 ιιι
450 2863 512 2928 hac
526 2871 617 2948 parte
632 2864 825 2930 directarum
839 2865 1014 2950 procedere
1028 2887 1095 2930 non
1113 2865 1262 2951 potestis,
1284 2887 1344 2930 nec
1360 2865 1432 2930 de
1419 2888 1493 2951 Jure

295 2965 430 3044 debetis,
445 2987 520 3030 cum
540 2989 687 3031 summus
701 2969 850 3053 pontifex
863 2968 927 3034 h'oc
948 2990 1016 3032 nou
1035 2968 1197 3046 intendit,
1202 2969 1258 3054 qui
1279 2968 1403 3034 litteras
1423 2968 1492 3032 dis·

294 3066 433 3130 oracioni
446 3075 553 3131 vestre
569 3067 677 3152 dirigit
691 3077 869 3152 presentes.

337 3175 351 3248 l
366 3168 451 3232 Item
466 3191 540 3233 cum
550 3169 648 3234 tacita
658 3163 847 3272 hujusmodi
858 3169 994 3234 veritate
1006 3169 1092 3233 dicte
1102 3159 1209 3234 littere
1229 3169 1409 3265 provisorie
1424 3171 1492 3238 sint

71 3263 228 3328 (sonum.
235 3257 302 3323 60·)
293 3279 476 3356 mpetrate,
499 3291 606 3336 carere
629 3271 750 3337 debent
761 3265 891 3338 effectu
905 3292 981 3336 cum
1005 3263 1077 3356 ipsa
1091 3270 1227 3368 veritate
1250 3292 1403 3358 expressa
1424 3296 1491 3342 non

293 3372 456 3438 fuissent'
447 3382 618 3458 rmpetrate
632 3373 667 3438 in
682 3375 786 3439 forma
800 3373 956 3460 presenti.

71 3479 230 3542 66166660·
339 3475 425 3541 Item
440 3497 515 3541 cum
530 3475 637 3542 dictus
651 3476 836 3542 Willelmus
856 3476 1029 3563 Campyun
1043 3497 1102 3562 per
1116 3497 1186 3556 vos,
1201 3478 1375 3544 reverende
1389 3489 1492 3565 pater,

296 3577 358 3644 sibi
381 3577 555 3644 intendens
580 3579 744 3664 provideri
767 3589 801 3645 et
824 3579 968 3665 regimen
990 3577 1170 3644 animarum
1192 3580 1352 3646 committi
1374 3582 1409 3646 in
1431 3584 1492 3649 hac

295 3692 397 3769 purte,
412 3683 560 3746 nondum
583 3682 627 3747 sit
648 3683 689 3746 ed
704 3681 833 3748 ordines
856 3701 963 3747 sacros
985 3669 1167 3767 promotus,
1181 3690 1220 3746 ut
1234 3681 1361 3763 dicitur,
1377 3705 1436 3750 seu
1456 3685 1492 3750 in

296 3784 394 3849 sacris
409 3783 577 3849 ordinibus
592 3783 802 3864 constitutus,
816 3805 877 3849 nec
899 3783 997 3848 etiam
1021 3783 1175 3862 clericus3
1199 3773 1259 3846 vos
1274 3793 1425 3868 pretextu
1439 3787 1491 3852 lit-

295 3895 436 3951 terarum
450 3885 668 3971 predictarum
688 3885 729 3949 ad
751 3879 970 3970 provisionem
987 3877 1091 3970 ipsius
1112 3883 1285 3970 procedere
1300 3893 1334 3950 et
1347 3887 1491 3972 regimen

294 3988 474 4052 animarum
500 3987 702 4053 committere
730 4007 798 4051 non
822 3986 973 4072 potestis,
997 4008 1058 4051 nec
1087 3987 1128 4052 de
1154 3986 1227 4071 jure
1253 3985 1389 4067 debetis,
1415 4010 1490 4053 cum

293 4089 410 4153 habilis
433 4089 475 4153 ad
499 4089 562 4154 hoc
583 4111 650 4154 non
664 4088 812 4154 videatur
826 4089 963 4154 existere
985 4090 1080 4176 juxta
1103 4086 1272 4153 canonicas
1297 4088 1490 4168 sanctiones,

294 4189 463 4272 presertim
489 4211 563 4254 cum
586 4188 756 4274 inquisicio
774 4183 877 4277 'super
894 4211 1036 4278 persona
1054 4189 1157 4276 ipsius
1173 4181 1340 4254 Willielmi
1364 4198 1397 4254 et
1419 4192 1489 4279 ejus

327 4309 442 4356 canu.
460 4309 535 4356 soc.
1292 4310 1315 4356 u
