3812 5030
610 637 822 685 onaorvroou
839 639 1164 686 narnoauaamvss.
1451 621 1492 680 18

291 782 379 846 curia
399 805 457 848 sua
472 807 640 874 quousque
656 791 762 856 dictus
782 792 952 858 Johannes
974 791 1132 878 apellatus
1155 788 1288 854 intravit
1310 788 1344 852 in
1360 788 1491 872 plenam

291 887 510 952 defensionem
526 911 584 974 per
606 914 723 977 corpus
748 916 855 973 suum,
881 895 968 960 unde
992 895 1232 959 consideratum
1256 900 1307 957 est
1321 901 1355 956 et
1365 891 1490 974 judica-

290 997 361 1052 tum
376 991 464 1074 quod
486 992 650 1057 libertates
670 994 773 1079 ipsius
797 994 923 1059 abbatis
949 996 990 1059 de
1003 995 1167 1060 Thomeia
1189 995 1230 1059 de
1255 994 1425 1058 hundredo
1449 993 1489 1056 de

289 1091 324 1154 N
325 1112 545 1160 ormanescros
569 1117 644 1159 cum
658 1097 805 1180 predicto
820 1097 991 1163 hundredo
1012 1097 1183 1184 capiantur
1197 1098 1232 1162 in
1254 1119 1353 1160 manu
1367 1095 1491 1161 domiui

289 1193 398 1280 Regis,
428 1218 595 1283 quousque
621 1198 772 1263 dominus
796 1200 866 1264 Rex
891 1201 979 1264 aliud
1003 1201 1081 1265 inde
1110 1199 1232 1279 lecerit,
1261 1209 1295 1264 et
1323 1198 1422 1264 abbas
1449 1198 1489 1262 de

286 1297 450 1363 'l'horneia
464 1300 639 1366 satisfaciat
653 1301 763 1365 abbati
778 1302 818 1366 de
835 1302 945 1387 Burgo
960 1303 1001 1366 de
1023 1302 1184 1388 dampnis.
1228 1301 1274 1366 Et
1288 1301 1373 1366 idem
1390 1299 1490 1366 abbas

288 1399 329 1463 de
343 1401 481 1467 Torneia
504 1425 562 1487 per
585 1413 770 1468 stornatum
795 1426 891 1468 suum
917 1406 1062 1470 defendit
1084 1406 1269 1470 evasionem
1295 1415 1329 1468 et
1343 1404 1490 1468 iteratam

287 1505 475 1587 capcionem
490 1515 523 1570 et
532 1506 802 1584 vulneracionem,
814 1507 898 1571 siout
909 1507 998 1571 curia
1012 1508 1276 1586 consideraverit,
1289 1517 1323 1572 et
1332 1507 1427 1572 datus
1439 1519 1490 1570 est

287 1605 334 1669 eis
350 1606 419 1670 dies
434 1607 468 1670 in
480 1608 654 1672 adventum
667 1607 921 1692 justiciariorum
935 1609 970 1672 in
984 1619 1093 1694 partes
1107 1611 1190 1688 illas,
1204 1620 1238 1673 et
1249 1619 1328 1673 tunc
1342 1609 1399 1674 fiet
1413 1610 1489 1674 inde

287 1709 414 1791 plenior
427 1709 603 1794 inquisitio.
634 1710 715 1774 Post
729 1711 883 1775 convenit
897 1711 938 1775 de
953 1733 1115 1776 consensu
1126 1711 1271 1796 parcium
1286 1712 1374 1796 quod
1388 1709 1489 1776 abbas

288 1810 329 1876 de
341 1812 451 1897 Burgo
466 1811 584 1876 habeat
594 1833 626 1876 x.
637 1811 734 1876 libras
744 1834 804 1897 pro
816 1813 977 1899 dampnis,
986 1822 1021 1877 et
1030 1823 1220 1899 preceptum
1231 1823 1283 1879 est
1296 1814 1488 1894 vicecomiti,

287 1915 375 1999 quod
398 1916 502 2001 capiat
527 1915 561 1978 in
588 1937 686 1978 manu
712 1916 836 1980 domini
856 1917 954 2001 Regis
969 1916 1150 1982 libertatem
1174 1916 1277 2002 ipsius
1300 1916 1425 1982 abbatis
1448 1917 1488 1981 de

286 2017 447 2082 Thorneia
469 2017 509 2082 de
524 2015 669 2102 predicto
684 2018 867 2098 hundredo,
893 2019 991 2084 simul
1006 2042 1080 2085 cum
1096 2020 1243 2106 predicto
1258 2019 1439 2098 hundredo,
1454 2030 1488 2086 et

286 2122 373 2186 illam
385 2132 419 2186 et
432 2121 638 2185 hundredum
658 2131 692 2184 et
717 2122 823 2186 exitus
848 2123 924 2186 inde
946 2122 1174 2208 provenientes
1199 2121 1288 2186 salvo
1314 2122 1487 2202 custodiat,

286 2225 390 2290 donec
405 2224 556 2288 dominus
572 2224 644 2287 Rex
665 2223 753 2288 aliud
767 2225 843 2289 inde
866 2225 1065 2310 preceperit3
1089 2232 1124 2286 et
1143 2223 1183 2286 de
1199 2221 1293 2286 terris
1317 2231 1351 2286 et
1365 2222 1486 2286 catallis

285 2327 389 2413 ipsius
405 2326 529 2391 abbatis
550 2326 590 2391 de
608 2325 770 2390 Thorneia
795 2327 891 2392 faciat
906 2349 937 2392 x.
963 2327 1073 2404 libras,
1095 2335 1129 2390 et
1152 2325 1223 2388 illas
1248 2325 1344 2388 faciat
1368 2325 1487 2390 habere

286 2430 395 2494 abbati
417 2431 457 2495 de
482 2428 591 2514 Burgo
615 2450 676 2514 pro
703 2429 854 2514 dampnis
878 2431 909 2494 ei
933 2429 1124 2495 adiudicatis
1150 2439 1283 2512 propter
1308 2429 1485 2513 predictam

285 2534 471 2620 capcionem
501 2541 535 2597 et
559 2542 692 2616 propter
720 2531 900 2616 predictam
915 2533 1074 2598 lesionem
1098 2530 1257 2596 libertatis
1273 2551 1342 2610 sue,
1366 2538 1400 2593 et
1413 2550 1485 2614 pre-

285 2635 391 2700 dictus
406 2635 574 2699 Johannes
588 2633 706 2698 habeat
719 2655 752 2698 x.
768 2634 890 2699 solidos
906 2635 947 2700 de
961 2634 1027 2700 illis
1043 2657 1075 2699 x.
1090 2633 1190 2698 libris.

328 2740 446 2804 Postea
459 2737 550 2802 venit
574 2736 673 2802 abbas
689 2737 730 2802 de
743 2738 882 2802 'l'orneia
904 2748 938 2803 et
958 2739 1058 2803 finem
1082 2738 1159 2802 fecit
1182 2759 1241 2822 pro
1268 2736 1486 2802 misericordia

284 2867 352 2923 sua,
367 2852 402 2908 et
415 2863 474 2927 pro
490 2841 707 2906 misericordia
733 2863 791 2904 sua
810 2862 923 2906 versus
938 2842 1089 2906 homines
1104 2840 1230 2905 abbatis
1255 2840 1295 2904 de
1317 2841 1437 2925 Burgo,
1452 2851 1486 2904 et

282 2969 342 3032 pro
367 2946 517 3011 habendo
541 2945 746 3008 hundredum
763 2965 858 3008 suum
885 2945 926 3008 de
942 2945 1226 3030 Normsnnyscros
1249 2963 1308 3028 per
1322 2943 1484 3028 plevinam

282 3071 385 3133 usque
400 3048 574 3114 adventum
590 3047 713 3110 domini
729 3047 826 3129 Regis
841 3058 1043 3132 prccantum
1059 3047 1182 3112 solidis.

254 3173 260 3186 ·
332 3153 393 3236 [At
418 3153 469 3214 tlte
485 3150 601 3212 dottam
615 3151 656 3228 of
672 3149 727 3212 fol.
752 3149 853 3213 lxxiii.
873 3171 979 3227 verso,
1001 3153 1030 3213 is
1046 3152 1109 3212 tais
1124 3157 1216 3230 eatry
1229 3146 1484 3212 :-M⁰c⁰c⁰xxxi.

286 3257 394 3324 Quen
419 3253 453 3316 in
479 3250 593 3335 quinto
623 3251 711 3315 folio.
768 3254 831 3316 Tbe
847 3252 932 3333 soar
960 3259 1035 3316 aaut
1055 3254 1157 3315 leaves
1180 3271 1236 3314 ore
1260 3250 1399 3327 todeca,
1421 3251 1487 3313 aad

284 3363 371 3426 atter
395 3361 539 3433 amitere,
562 3355 615 3418 but
638 3357 748 3419 cutte
762 3355 845 3438 fisllu
866 3355 938 3437 leof
959 3358 1011 3420 tte
1030 3355 1195 3419 Ciroaicle
1210 3353 1483 3436 continues-(sol.

284 3461 406 3528 lxxviii.
416 3463 464 3541 rt)
473 3458 496 3541 .]

232 3576 269 3624 in.
328 3562 521 3647 Ranulphus
532 3581 641 3625 comes
659 3559 783 3626 Cestrie
798 3559 890 3626 obiit.

224 3690 269 3738 'ua
327 3667 491 3732 Martinus
515 3662 614 3727 abbas
629 3661 711 3726 obiit
729 3663 763 3724 in
779 3663 887 3747 vigilia
908 3663 1011 3728 sancti
1032 3663 1193 3728 lobannis
1216 3663 1374 3748 Baptiste.
1421 3663 1485 3728 Cui

284 3770 439 3836 successit
447 3767 613 3830 Walterus
629 3765 669 3829 de
684 3775 796 3830 sancto
806 3766 1012 3832 Eadmundo.
1047 3767 1093 3830 Et
1107 3765 1260 3850 magister
1269 3767 1483 3830 Eadmundus

284 3874 323 3937 de
338 3869 521 3935 Abendona
535 3864 663 3950 eligitur
677 3865 711 3928 in
726 3866 1004 3951 archiepiscopum
1021 3866 1205 3932 Cantuarie.

262 4147 269 4162 ‚
328 4077 421 4143 Obiit
437 4075 535 4158 Hugo
548 4073 588 4136 de
600 4072 722 4137 Welles
738 4072 907 4138 Lincolnie
922 4073 1106 4159 episcopus,
1122 4073 1165 4138 iii.
1182 4095 1285 4138 nonas
1309 4073 1483 4138 Februarii.

285 4183 348 4250 Cui
365 4179 519 4246 successit
534 4178 686 4262 magister
703 4175 864 4241 Robertus
882 4177 1100 4242 Grosseteste.
