3938 5022
402 543 462 599 102
713 556 927 602 cnsonroon
952 557 1277 604 aaraoauaoasss.

396 715 556 772 retroacto
572 729 674 792 usque
688 708 722 772 in
739 708 825 773 diem
840 716 1026 793 presentem
1040 708 1125 774 inter
1140 729 1207 787 eos,
1222 707 1289 772 sint
1303 728 1393 772 casse
1404 717 1439 772 et
1452 729 1545 789 vane,
1560 717 1594 774 et

397 811 518 874 nullius
533 811 662 887 valoris,
677 812 723 874 ita
738 812 826 896 quod
840 819 957 875 neutra
971 832 1047 896 pars
1070 810 1110 876 ab
1133 811 1195 876 alia
1208 811 1329 896 aliquid
1352 812 1460 897 possit
1484 823 1593 898 petere

397 935 457 998 pro
472 914 633 998 preteritis
648 915 701 979 vel
714 914 842 980 racione
857 915 993 1000 alicujus
1009 913 1110 980 debiti
1123 915 1272 1001 preteriti
1285 915 1320 980 in
1335 915 1492 980 futurum.

194 1018 236 1069 il·
245 1018 291 1068 aa.
303 1018 349 1084 ⁹⁰·)
440 1021 454 1096 l
462 1018 560 1080 Anno
575 1017 711 1082 Domini
726 1018 860 1083 M⁰.co⁰.
875 1017 1073 1104 octogesimo
1088 1018 1214 1104 quinto.

440 1119 494 1184 De
508 1119 642 1185 victoria
657 1119 783 1187 Wallie.

442 1222 517 1287 Hoc
547 1244 632 1287 anno
659 1223 811 1289 dominus
827 1223 909 1302 Rex,
937 1221 1073 1287 victoria
1101 1230 1235 1308 optenta
1264 1229 1377 1286 eontra
1399 1221 1594 1302 Wallenses,

396 1325 492 1391 rediit
506 1348 525 1389 a
539 1325 667 1405 Wallia,
682 1335 716 1392 et
731 1326 783 1390 die
798 1325 1006 1391 invencionis
1027 1335 1138 1391 sancte
1154 1324 1279 1404 Crucis,
1295 1346 1357 1410 que
1380 1323 1538 1389 acciderat
1558 1323 1593 1388 in

396 1427 481 1493 festo
502 1428 712 1494 Ascensionis
727 1427 874 1507 Domini,
888 1428 979 1493 venit
994 1427 1188 1507 Londoniis,
1203 1427 1280 1491 etin
1295 1427 1447 1507 crastino,
1462 1429 1594 1496 adorata

397 1540 508 1596 sancta
524 1530 629 1596 Cruce
645 1553 741 1617 quam
765 1529 1009 1595 aWalensibus
1029 1529 1215 1616 adquisivit,
1229 1538 1263 1594 et
1285 1530 1369 1594 facta
1387 1532 1594 1616 processione

396 1656 455 1720 per
463 1634 603 1698 mediam
613 1633 775 1699 civitatem
787 1633 1043 1711 Londoniarum,
1052 1633 1148 1698 rediit
1158 1633 1245 1718 apud
1254 1632 1594 1716 westmonasterium,

396 1737 479 1802 etin
493 1737 591 1822 pleno
605 1737 825 1822 parleamento
841 1757 901 1801 suo
916 1735 1003 1801 edita
1023 1746 1101 1802 sunt
1116 1744 1238 1802 statuta
1252 1755 1338 1800 nova
1360 1735 1493 1818 ibidem,
1508 1760 1594 1804 anno

396 1839 487 1924 regni
502 1839 552 1902 sui
567 1839 646 1904 xiiia
660 1848 795 1924 propter
808 1839 928 1902 multas
943 1839 1171 1924 oppressiones
1185 1838 1301 1924 populi
1316 1849 1350 1904 et
1371 1839 1492 1925 legum,
1506 1850 1540 1906 et
1554 1841 1595 1905 ad

397 1941 641 2026 suppleoionem
670 1950 705 2006 et
734 1941 986 2006 declaracionem
1017 1949 1213 2006 statutorum
1240 1943 1327 2028 apud
1355 1941 1595 2010 Glouoestriam

398 2041 568 2106 editorum.

442 2143 510 2209 lter
520 2144 772 2231 justiciariomm
787 2145 874 2230 apud
889 2145 1195 2230 Norhamptoniam.

442 2247 546 2314 Breve
561 2248 686 2314 domini
701 2249 799 2334 Regis
815 2248 972 2313 directum
984 2247 1173 2332 justiciariis
1189 2269 1248 2333 pro
1263 2249 1388 2314 itinere.

443 2351 518 2416 Hoc
532 2375 618 2418 anno
627 2351 799 2437 assisgnati
810 2351 942 2416 fuerunt
952 2349 1123 2436 justiciarii
1134 2350 1323 2417 itinerantes
1335 2353 1423 2437 apud
1432 2353 1595 2419 Norbam·

398 2453 521 2519 toniam
536 2477 593 2539 per
608 2455 705 2520 breve
720 2454 845 2519 domini
860 2453 968 2537 Regis,
984 2454 1077 2538 cujus
1092 2461 1186 2517 tenor
1201 2453 1274 2516 tulis
1290 2463 1341 2517 est
1350 2477 1404 2516 :-

442 2557 622 2620 Edwardus
637 2557 702 2620 Dei
716 2556 817 2639 gratia
832 2556 904 2619 Rex
918 2555 1034 2638 Anglie
1057 2563 1120 2619 etc.
1146 2555 1407 2640 archiepiscopis,
1423 2556 1595 2640 episcopis,

399 2655 580 2734 abbatibus,
596 2654 769 2740 prioribus,
785 2655 970 2734 comitibus,
980 2655 1167 2735 baronibus,
1183 2656 1351 2736 militibus,
1366 2657 1475 2723 liberis
1490 2659 1596 2723 homi-

398 2759 507 2838 nibus,
531 2767 565 2824 et
594 2757 747 2822 omnibus
771 2758 807 2822 in
836 2758 990 2822 comitatu
1022 2757 1260 2822 Norbamtonie
1286 2758 1435 2824 salutem.
1480 2759 1596 2826 Sciatis

398 2862 486 2948 quod
500 2861 730 2928 constituimus
745 2861 881 2926 dilectos
897 2874 931 2926 et
949 2861 1062 2928 fideles
1077 2869 1207 2925 nostros
1230 2860 1416 2926 Johannem
1441 2862 1481 2928 de
1495 2863 1596 2928 Valli·

399 2974 473 3055 bus,
497 2973 700 3039 Willelmum
724 2973 765 3038 de
795 2973 924 3049 seham,
952 2974 1116 3058 Rogerum
1147 2972 1313 3059 Lovedsy‚
1339 2973 1526 3039 Johannem
1555 2975 1596 3040 de

401 3075 607 3160 Metingham
633 3084 667 3140 et
686 3075 883 3140 Nicholaum
906 3075 937 3140 le
953 3074 1049 3154 Gras,
1061 3074 1259 3159 justiciarios
1281 3085 1412 3141 nostros
1436 3075 1477 3140 ad
1501 3076 1597 3141 itine-

400 3179 537 3244 randum
564 3178 605 3243 ad
641 3177 826 3242 communia
853 3177 972 3262 placita
999 3177 1060 3241 hac
1084 3177 1155 3242 vioe
1185 3177 1225 3242 de
1255 3177 1410 3243 comitatu
1439 3179 1599 3263 predicto.

402 3281 642 3346 Censtituimus
659 3280 756 3344 etiam
771 3280 902 3344 eosdem
925 3271 1121 3366 justiciarius
1136 3291 1267 3346 nostros
1291 3282 1332 3345 ad
1352 3281 1548 3346 audiendum
1563 3291 1598 3346 et

401 3385 641 3450 terminandum
655 3384 774 3469 placita
794 3385 834 3448 de
849 3383 1053 3449 libertatibus
1075 3385 1171 3468 juxta
1185 3385 1405 3470 provisionem
1421 3395 1455 3449 et
1468 3385 1597 3448 ordina·

401 3485 529 3551 cionem
552 3485 628 3548 inde
653 3486 766 3564 factas,
791 3494 826 3549 et
850 3487 891 3549 ad
920 3488 1191 3570 transgressiones
1220 3497 1255 3552 et
1280 3488 1424 3572 querelas
1449 3487 1595 3551 omnium

401 3587 608 3676 querencium
623 3609 682 3652 seu
700 3588 854 3672 conqueri
867 3588 1063 3667 volancium,
1078 3598 1146 3654 tam
1169 3589 1210 3654 dc
1232 3589 1359 3654 ballivis
1382 3599 1415 3655 et
1439 3587 1596 3654 ministris

400 3690 521 3757 nostris
546 3689 802 3776 quibuscumque
825 3711 922 3775 quam
948 3690 989 3755 de
1014 3690 1140 3755 ballivis
1166 3701 1201 3757 et
1223 3692 1379 3757 ministris
1402 3691 1537 3756 aliorum
1563 3703 1598 3759 et

400 3793 472 3858 aliis
500 3791 768 3877 quibuscumque,
798 3801 832 3856 et
854 3792 897 3854 ad
922 3811 1142 3876 quascumque
1168 3793 1384 3878 querimonias
1421 3793 1597 3860 audiendas

400 3907 435 3962 et
465 3895 685 3961 terminandas
709 3895 805 3959 etad
831 3903 1055 3979 competentes
1081 3896 1234 3960 emendas
1257 3896 1333 3961 inde
1357 3896 1520 3962 iaciendas
1547 3920 1597 3963 se-

400 4008 542 4074 cundum
568 4007 673 4093 legem
698 4014 732 4072 et
757 4004 1026 4071 consuetudinem
1052 4005 1141 4091 regni
1166 4006 1281 4087 nostri,
1295 4015 1329 4073 et
1349 4008 1445 4094 juxta
1468 4009 1597 4074 ordina-

400 4112 525 4178 cionem
549 4131 691 4197 pernes
714 4109 929 4176 indefectam
955 4117 989 4173 et
1009 4109 1104 4194 juxta
1129 4119 1274 4176 tenorem
1300 4121 1495 4178 statutorum
1519 4133 1595 4176 nos-
