3812 5030
393 513 415 574 6
713 533 926 579 cnaourcou
951 533 1278 582 rsunoannaausa.

285 683 375 734 Maon.
434 682 598 748 Robertus
612 683 712 750 abbas
728 685 878 750 Ramesie
894 685 1077 771 deponitur.
1123 685 1239 750 Petrus
1249 685 1290 750 de
1302 684 1431 750 Roches
1442 685 1538 750 rediit
1549 685 1589 752 de

391 784 494 848 Roma
508 797 715 852 consecratus
726 787 761 850 iu
776 787 966 872 episcopum
982 786 1163 852 Wintonie.

274 883 374 934 Maeui.
431 887 590 972 Magister
599 889 784 975 Stephanus
795 889 835 954 de
845 890 1035 975 Langetona
1049 898 1255 955 consecratur
1265 887 1300 951 in
1311 887 1589 974 archiepiscopum

389 987 573 1056 cantuarie.
618 990 775 1056 Monachi
788 992 962 1058 cantuarie
985 992 1201 1078 expelluntur.
1248 991 1412 1056 Henricus
1427 1013 1484 1056 rer
1502 993 1589 1057 filius

388 1090 471 1174 regis
481 1091 505 1155 J
506 1091 644 1157 ohannis
660 1101 755 1157 natus
771 1103 831 1158 est.

267 1195 376 1246 Moesia.
432 1192 550 1259 Sancta
571 1195 718 1260 Ecclesia
740 1196 878 1260 cessavit
906 1205 1039 1281 propter
1068 1194 1200 1260 exilium
1232 1195 1376 1281 episcopi
1411 1205 1444 1261 et
1476 1219 1589 1260 mona-

387 1293 533 1361 chorum.

282 1403 374 1455 Menix.
431 1397 577 1463 Scolares
606 1399 763 1464 recedunt
791 1400 832 1464 ab
862 1401 1002 1467 Oxonia.
1049 1401 1148 1486 Hugo
1177 1401 1218 1465 de
1248 1399 1372 1466 Welles
1401 1402 1506 1466 factus
1536 1413 1588 1468 est

387 1499 558 1586 episcopus
573 1502 753 1568 Lincolnie.
798 1501 923 1568 Gentes
938 1503 1106 1590 signantur
1120 1525 1218 1590 super
1232 1514 1363 1590 pectora
1378 1515 1492 1570 contra
1505 1505 1587 1572 Abi·

385 1623 511 1686 gauses.

287 1713 370 1764 Moex.
429 1706 522 1772 Obiit
537 1709 695 1773 Acharius
710 1708 809 1774 abbas
825 1710 865 1774 de
882 1710 1001 1794 Burgo.

277 1819 370 1869 Maon.
428 1811 481 1874 Ex
496 1833 590 1876 cerva
605 1812 742 1896 quadam
758 1834 819 1896 que
836 1831 870 1875 se
884 1812 919 1874 in
933 1811 1056 1876 flumen
1078 1831 1135 1894 pre
1149 1810 1295 1895 pariendi
1318 1813 1468 1897 angustia
1482 1815 1585 1899 preci·

384 1913 554 1998 pitaverat,
591 1923 741 1979 exsectus
779 1924 830 1980 est
869 1913 1023 1978 hinnulus
1056 1915 1122 1977 duo
1159 1914 1265 1999 capita
1302 1925 1335 1979 et
1372 1926 1446 1981 octo
1483 1920 1583 2003 pedes

385 2013 520 2078 habens.

269 2133 371 2184 Maean.
429 2115 640 2182 Confluentes
657 2117 691 2182 in
714 2139 817 2181 unum
839 2139 897 2202 per
920 2116 1054 2182 Francie
1078 2115 1226 2181 civitates
1249 2117 1353 2202 puer1‚
1376 2118 1583 2184 admirationi

181 2211 241 2276 (Μ
253 2215 314 2264 tm.
325 2213 370 2282 ¹²⁰·)
384 2241 499 2306 magne
514 2219 736 2306 spectantibus
750 2222 850 2286 fuere.
884 2219 1099 2304 Quocumque
1111 2220 1198 2283 enim
1213 2219 1425 2300 diverterunt,
1440 2221 1583 2286 conflue·

383 2323 464 2389 bant
477 2323 579 2410 pueri,
594 2323 686 2409 quasi
708 2345 775 2388 non
796 2331 932 2408 possent
946 2345 965 2386 a
980 2321 1047 2386 suis
1062 2321 1175 2402 teneri,
1190 2322 1268 2406 quin
1283 2321 1419 2386 aliorum
1434 2343 1467 2387 se
1482 2323 1583 2386 comi·

382 2425 466 2490 tatui
480 2425 702 2510 adjungerent.
746 2424 896 2510 Denique
920 2424 1061 2489 Parisius
1077 2423 1244 2488 dicebatur
1268 2445 1381 2488 eorum
1404 2424 1580 2490 multitudo

381 2527 423 2590 ad
438 2526 622 2611 quindecim
638 2525 725 2588 milia
739 2526 899 2606 estimata,
915 2549 1053 2614 quorum
1068 2526 1176 2590 nullus
1191 2525 1363 2590 duodenne
1385 2526 1488 2610 major
1502 2537 1581 2594 erat.

380 2627 541 2713 Requisiti
556 2637 664 2691 autem
680 2628 756 2712 quid
772 2629 1030 2714 proposuissent,
1044 2627 1205 2706 dicebaut,
1220 2636 1258 2690 ut
1272 2628 1384 2706 fertur,
1400 2650 1435 2694 re
1450 2651 1578 2695 crucem

380 2730 504 2800 Christi
526 2739 780 2815 recuperaturos.
823 2731 924 2816 Apud
946 2730 1127 2796 Cadomum
1150 2731 1185 2794 in
1207 2730 1409 2794 Normannia
1423 2731 1512 2796 visus
1528 2743 1579 2798 est

381 2835 511 2920 sanguis
526 2834 659 2919 pluisse,
674 2833 718 2898 vi.
739 2833 813 2897 idus
824 2832 917 2912 Julii,
932 2833 977 2898 vi.
991 2832 1081 2896 feria.
1125 2833 1253 2896 Eodem
1268 2831 1320 2896 die
1345 2833 1433 2918 apud
1455 2833 1579 2899 Faleise

379 2937 449 3002 vise
465 2945 543 3002 sunt
556 2945 622 3000 tres
634 2957 745 3000 cruces
760 2934 801 2999 ad
816 2933 956 2999 invicem
970 2933 1005 2998 in
1020 2955 1092 2999 aere
1107 2933 1200 3020 quasi
1214 2953 1368 3018 pugnare.
1413 2933 1454 2998 In
1476 2944 1579 3001 estate

379 3039 562 3106 Londoniis
577 3061 671 3104 casus
686 3038 803 3104 accidit
814 3036 970 3102 mirabilis
981 3045 1015 3100 et
1032 3036 1143 3101 durus.
1186 3037 1334 3101 Accensa
1358 3035 1446 3101 enim
1470 3037 1579 3104 subito

381 3143 517 3227 (subito)
535 3142 575 3207 ab
600 3142 732 3207 australi
756 3150 847 3227 parte
872 3139 1042 3205 Tamensis
1065 3138 1210 3204 fluminis
1233 3139 1363 3205 civitate
1386 3149 1421 3205 et
1445 3141 1580 3206 ecclesia

379 3245 472 3312 beate
494 3246 600 3310 Maris
625 3245 854 3310 canonicorum
880 3243 921 3310 de
942 3245 1083 3323 Suwerc,
1098 3265 1174 3308 cum
1190 3243 1232 3307 ad
1246 3242 1389 3309 incendii
1403 3243 1578 3309 extinccio-

378 3368 456 3412 nem
478 3345 532 3412 vel
558 3347 780 3432 spectaculum
802 3346 979 3410 multitudo
1003 3345 1144 3410 maxima
1168 3353 1304 3430 pontem
1327 3346 1507 3424 transisset,
1522 3369 1578 3410 ru·

378 3448 449 3513 bito
475 3469 551 3534 pars
576 3447 770 3533 aquilonaris
794 3455 905 3512 austro
929 3447 1028 3511 flante
1053 3447 1219 3531 coripitur,
1243 3447 1429 3530 volentique
1453 3448 1577 3532 populo

379 3551 435 3636 qui
449 3558 584 3636 pontem
599 3549 769 3614 transierat
782 3549 886 3614 redire
901 3548 1030 3613 obstitit
1044 3547 1138 3633 ignis.
1161 3547 1362 3633 Factumque
1377 3557 1428 3612 est
1449 3558 1497 3628 ut,
1511 3550 1576 3616 illis

379 3673 485 3716 moras
501 3650 718 3730 nectentibus,
733 3650 832 3714 altera
847 3649 944 3715 etiam
956 3671 1030 3735 pars
1045 3650 1155 3734 pontis
1165 3650 1239 3736 igne
1254 3650 1461 3735 coriperetur.
1507 3651 1576 3717 Sic-

379 3777 443 3841 que
457 3755 541 3819 inter
564 3755 647 3818 duos
662 3754 753 3839 ignes
773 3753 883 3838 positi,
898 3751 1146 3838 conprimebant
1161 3775 1195 3818 sc
1213 3754 1255 3819 ad
1273 3753 1423 3833 invicem,
1443 3754 1490 3818 nil
1511 3755 1576 3821 nisi

379 3868 517 3924 mortam
531 3865 767 3942 exspectantes.
811 3855 1027 3920 Venientibus
1053 3866 1161 3920 autem
1186 3856 1227 3920 ad
1249 3878 1361 3921 eorum
1385 3879 1574 3926 succursum

378 3959 514 4026 navibus
529 3959 706 4038 nonnullis,
728 3967 780 4024 tot
794 3979 829 4024 se
842 3959 1015 4024 indiscrete
1035 3959 1249 4044 ingesserunt,
1264 3968 1302 4023 ut
1316 3959 1493 4026 submersis
1515 3984 1574 4025 na-

378 4064 471 4152 vigiis
501 4063 644 4131 universi
674 4061 829 4148 perirent.
894 4062 1055 4156 Factaque
1085 4085 1201 4150 magna
1233 4063 1328 4151 plaga
1356 4065 1389 4130 in
1419 4067 1571 4154 populos,
