3812 5030
409 603 430 660 8
725 617 939 664 onnonrcon
965 617 1290 666 nunnonunuuusr.

382 783 386 794 ·
410 767 542 834 natibus
565 767 793 854 crucesignatis
818 770 1106 856 peregrinationem
1130 793 1222 836 suam
1242 791 1355 836 versus
1374 777 1493 835 ten-am
1515 791 1608 836 sanc·

409 881 476 936 tam
493 871 707 956 arripuerunt.

285 970 396 1066 Mffffffl·
453 973 547 1038 Obiit
576 973 759 1040 Willelmus
790 975 1000 1042 Marescallus
1033 997 1142 1042 comes
1168 976 1209 1041 de
1242 975 1400 1056 Penbroc,
1430 984 1463 1041 et
1499 997 1608 1040 comes

312 1058 379 1100 ”¹¹⁹¹
410 1077 518 1143 David
549 1078 648 1144 frater
683 1078 850 1144 Willielmi
879 1079 963 1165 regis
994 1079 1113 1159 Scotie,
1136 1079 1259 1148 scilieet
1295 1102 1404 1146 comes
1434 1080 1475 1145 de
1512 1079 1609 1144 Hun-

409 1179 551 1245 tedonia.

299 1267 397 1395 ⁵¹2¹*
451 1283 633 1348 Translatio
666 1285 769 1349 saneti
794 1284 930 1350 Thome.
964 1285 1116 1350 Damiete
1130 1294 1225 1372 capta
1239 1295 1299 1352 est.
1345 1286 1415 1350 Rex
1444 1284 1608 1350 Henricus

360 1382 367 1396 '
408 1395 581 1451 coronatus
595 1395 656 1451 est.

286 1486 397 1582 Mcoxxi.
453 1487 629 1554 Christiani
648 1489 860 1576 perdiderunt
870 1491 1067 1571 Damietam,
1078 1499 1112 1556 et
1123 1500 1232 1557 temen
1247 1513 1316 1557 non
1327 1491 1455 1556 modico
1471 1488 1605 1556 recreati

306 1575 361 1617 ”¹¹¹⁸
408 1597 486 1654 sunt
510 1589 640 1670 solacio,
670 1591 749 1655 dum
770 1591 896 1676 jactura
920 1593 975 1658 illa
1004 1603 1277 1678 recompensatur,
1308 1592 1471 1659 salutifere
1502 1589 1607 1657 crucis

406 1691 495 1776 ligno
510 1693 557 1757 eis
580 1693 707 1758 reddito
731 1716 805 1760 oum
827 1694 987 1760 universis
1002 1695 1138 1780 captivis
1162 1697 1394 1780 cujuscumque
1409 1693 1606 1760 conditionis

407 1793 583 1872 extiterint,
602 1793 742 1858 libertati
765 1795 936 1860 restitutis.
982 1795 1133 1861 Castrum
1149 1795 1190 1860 de
1206 1796 1334 1876 Binan,
1359 1806 1472 1860 contra
1495 1817 1604 1878 regem

406 1895 580 1974 munitum,
606 1895 776 1959 obsessum
791 1905 825 1960 et
846 1906 978 1982 captum
1000 1906 1060 1976 est,
1084 1907 1118 1960 et
1140 1897 1326 1981 omniaque
1349 1898 1439 1962 intus
1454 1907 1608 1964 contenta

406 1997 539 2062 fuerunt
551 1997 626 2081 igne
649 2005 854 2082 consumpta,
875 2006 983 2081 preter
1008 1995 1168 2075 homines,
1183 1996 1237 2080 qui
1254 2018 1288 2060 se
1311 1997 1483 2064 reddentes
1503 1999 1607 2064 incar-

406 2099 504 2164 cerati
519 2107 597 2164 sunt
611 2097 849 2185 quamplurimi.

275 2215 393 2265 Meoxxit
452 2201 659 2267 celebratum
682 2210 733 2265 est
753 2201 840 2286 apud
861 2199 1024 2266 Oxoniam
1040 2199 1258 2265 Conciliuma
1281 2199 1414 2264 domino
1439 2201 1605 2288 Stephano

297 2299 361 2346 ’μ’
409 2306 583 2372 cantuarie
597 2305 849 2390 archiepiscopo,
863 2303 898 2368 in
923 2325 988 2388 quo
1005 2303 1151 2370 Concilio
1176 2303 1306 2389 quidam
1323 2303 1471 2368 sacerdos
1486 2314 1520 2369 et
1539 2306 1605 2371 duo

408 2411 534 2476 diaconi
553 2408 717 2496 degradati
738 2408 880 2488 fuerunt,
896 2407 1045 2472 sacerdos
1059 2428 1119 2492 pro
1134 2405 1319 2487 homicidio,
1344 2428 1430 2470 unus
1454 2406 1605 2472 diacono·

407 2537 480 2580 rum
495 2535 555 2600 pro
571 2511 735 2597 sacrilegio
746 2521 779 2576 et
789 2511 887 2590 furto,
896 2509 977 2574 alius
993 2531 1052 2595 pro
1067 2509 1241 2575 enormiori
1256 2510 1384 2590 delicto,
1395 2511 1450 2594 qui
1467 2509 1604 2576 Christi-

407 2617 521 2682 anitati
535 2615 727 2684 renuncians
753 2613 969 2700 apostotendo
989 2635 1024 2678 se
1049 2612 1126 2678 iecit
1149 2613 1344 2693 circumcidi,
1358 2614 1458 2678 ritum
1480 2614 1605 2680 Judeo-

406 2741 480 2784 rum
488 2717 657 2783 imitando.
679 2717 756 2803 Ipse
764 2738 842 2782 vero
851 2716 892 2781 ab
902 2715 1143 2801 archiepiscopo
1153 2737 1260 2782 coram
1270 2717 1392 2803 populo
1402 2717 1606 2802 degradatus,

406 2819 494 2888 curie
515 2819 618 2885 laicali
640 2820 779 2885 traditur
804 2817 1103 2904 condempnandos,
1127 2827 1161 2883 et
1188 2818 1263 2904 igne
1286 2817 1478 2884 combustus
1501 2820 1601 2886 vitam

405 2923 514 2990 finivit
520 2933 624 2988 morte
639 2921 823 2987 miserabili.
868 2921 962 2987 Obiit
977 2920 1140 2986 Robertus
1156 2920 1267 2986 abbas.

262 3053 391 3104 Mecum.
450 3025 620 3111 Philippus
643 3045 701 3088 rex
725 3022 860 3088 Francie
889 3021 980 3088 obiit.
1041 3022 1219 3088 Pandullus
1253 3033 1460 3090 consecratus
1490 3036 1541 3090 est
1569 3026 1604 3091 in

284 3136 359 3185 vlu-¹.
405 3127 596 3216 episcopum
610 3125 864 3190 Norwieensem.

252 3247 391 3300 Maoxxuu.
449 3231 546 3298 Falco
558 3229 708 3296 muniens
718 3239 860 3295 matrem
873 3227 1078 3308 Bedefordie‚
1086 3229 1255 3294 temerarie
1269 3230 1351 3294 illud
1365 3239 1479 3296 contra
1493 3251 1601 3317 regem

302 3331 359 3380 ¹¹¹¹·
404 3334 551 3400 obtinere
561 3333 771 3419 presumpsit.
809 3333 884 3399 Quo
900 3333 1041 3418 cognito,
1057 3333 1128 3398 Rex
1142 3332 1254 3398 habito
1266 3331 1443 3419 proborum
1458 3333 1600 3398 virorum

194 3453 255 3518 (sol.
266 3455 335 3505 teti.
345 3453 390 3522 se.)
403 3437 549 3517 consilio,
564 3445 707 3501 castrum
720 3434 910 3520 insipienter
923 3434 1086 3499 munitum
1101 3434 1264 3518 sapienter
1277 3432 1442 3514 obsidens,
1466 3435 1602 3501 circum·

403 3562 530 3627 quaque
543 3539 650 3625 gentis
665 3538 810 3604 animose
828 3546 862 3602 et
880 3537 973 3602 fortis
988 3535 1081 3622 eopia
1102 3535 1325 3616 circumdedit,
1349 3535 1515 3602 machinas
1538 3559 1600 3602 un-

403 3644 500 3730 dique
514 3642 650 3729 provida
665 3641 859 3708 discretione
870 3640 1042 3705 collocans.
1085 3639 1236 3724 Denique
1250 3646 1327 3724 post
1341 3637 1467 3704 labores
1482 3639 1600 3706 nimios

402 3753 437 3812 et
450 3746 545 3812 cedes
572 3745 835 3833 quamplurimas,
850 3751 981 3829 captum
999 3751 1051 3807 est
1072 3740 1107 3807 in
1122 3741 1356 3827 Assumptione
1375 3741 1469 3807 beate
1485 3743 1601 3824 Marie,

402 3857 517 3914 ettam
532 3849 651 3914 milites
663 3871 760 3936 quam
780 3847 957 3914 servientes
979 3845 1069 3910 intus
1089 3845 1208 3931 reperti
1228 3845 1379 3930 suspensi
1399 3855 1477 3910 sunt
1490 3849 1599 3914 cuncti

401 3949 490 4014 lxxx.
505 3958 540 4015 et
554 3960 706 4030 castrum,
714 3951 810 4036 jussu
825 3947 912 4033 regio
928 3947 1083 4022 dirutum,
1097 3956 1181 4012 terre
1196 3956 1383 4032 coequatur.

239 4041 278 4090 ¹³⁰
294 4042 389 4105 ‘lum‘
446 4053 521 4119 Hoc
535 4075 621 4118 anno
646 4053 722 4118 data
744 4051 807 4116 luit
826 4049 959 4115 domino
975 4049 1057 4135 Regi
1071 4049 1321 4136 quintadecima,
1345 4050 1429 4115 sicut
1452 4059 1544 4136 patet
1564 4051 1598 4115 in

201 4125 303 4174 aalma
400 4155 491 4224 brevi
520 4155 666 4243 ejusdem
699 4154 734 4219 in
765 4151 992 4238 quarternione
1022 4152 1180 4237 sequenti,
1204 4161 1339 4239 propter
1373 4176 1468 4239 quam
1505 4153 1598 4239 quin-
