3938 5022
391 653 431 712 92
708 657 921 704 csaorvrcorr
940 656 1267 702 rsaaonvaoarvss.

392 819 518 882 cionem
539 813 700 878 dictorum
723 809 929 874 dominorum
952 829 1098 873 meorum
1121 805 1345 892 spectantibus
1359 826 1379 868 a
1394 803 1471 868 sede
1496 813 1593 889 apos-

393 919 489 985 tolica
510 913 672 1004 provideri
693 911 916 992 mandabatur,
931 910 1124 976 beneficium
1149 910 1277 974 racione
1302 907 1493 993 hujusmodi
1518 928 1594 993 pro·

394 1019 529 1086 visionis
565 1016 671 1080 adbuc
709 1022 904 1099 expectent;
927 1035 988 1078 vos
1019 1013 1060 1077 ad
1088 1012 1309 1097 provisionem
1339 1010 1418 1075 dicti
1438 1009 1594 1074 WiIlelmi

397 1124 569 1208 Campyun
589 1117 764 1205 procedere
784 1137 850 1180 non
874 1115 1039 1201 potuistis,
1054 1137 1115 1181 neo
1136 1115 1176 1180 de
1198 1115 1272 1200 jure
1294 1113 1465 1180 debuistis.
1510 1113 1595 1176 Item

291 1254 294 1259 ·
395 1247 470 1290 cum
491 1223 589 1287 tacita
613 1217 802 1305 hujusmodi
816 1217 952 1282 veritate
978 1217 1063 1283 dicte
1091 1217 1195 1282 littere
1221 1215 1324 1302 ipsius
1339 1214 1497 1280 Willelmi
1519 1236 1594 1300 pro·

395 1327 513 1392 visoria
539 1325 606 1389 sint
619 1324 809 1408 impetrate3
834 1321 942 1386 littere
964 1321 1036 1406 ipse
1059 1342 1127 1386 non
1149 1321 1269 1399 valent,
1285 1341 1360 1384 cum
1374 1318 1446 1404 ipsa
1459 1319 1595 1383 veritate

397 1451 551 1515 expressa
564 1453 573 1508 3
596 1448 664 1491 non
678 1425 819 1490 fuissent
832 1424 1004 1509 impetrate
1027 1424 1062 1488 in
1086 1424 1147 1488 hac
1168 1425 1283 1488 forma.
1318 1423 1404 1488 Item
1419 1422 1595 1507 quodcum

399 1534 505 1598 dictus
534 1529 720 1594 Willelmus
750 1527 913 1614 Campiun
936 1527 1083 1592 nondum
1117 1526 1214 1590 fuerit
1242 1525 1276 1589 in
1306 1524 1403 1590 sacris
1429 1523 1597 1588 ordinibus

400 1633 609 1710 constitutus,
623 1652 684 1695 vos
706 1639 858 1716 pretextu
881 1629 1099 1715 predictarum
1121 1629 1300 1694 litterarum
1321 1629 1357 1692 in
1379 1628 1442 1692 hoc
1463 1626 1598 1712 negocio

399 1737 610 1805 contensioso
640 1735 674 1799 in
704 1733 919 1819 prejudicium
953 1732 1113 1798 dictorum
1146 1733 1353 1797 dominorum
1389 1751 1535 1796 meorum
1566 1738 1600 1794 et

397 1841 524 1905 Tbome
547 1837 685 1923 Deyvile
711 1837 762 1899 sui
785 1837 962 1922 presentati
984 1837 1018 1900 in
1045 1835 1228 1902 sacerdocio
1251 1834 1441 1914 constituti3
1468 1834 1510 1897 ad
1524 1855 1599 1918 pro·

398 1943 560 2008 visionem
575 1939 679 2025 ipsius
695 1939 868 2023 procedere
883 1949 917 2004 et
941 1939 1084 2024 regimen
1108 1939 1288 2004 animarum
1312 1937 1375 2002 sibi
1398 1935 1599 2002 committere

399 2065 466 2107 non
488 2041 656 2126 potuistis,
682 2061 742 2105 nec
773 2041 813 2104 de
839 2041 912 2125 jure
938 2041 1107 2119 debuistis,
1133 2063 1208 2106 cum
1244 2040 1361 2105 babilis
1384 2039 1426 2104 ad
1448 2039 1511 2104 hoc
1532 2059 1599 2101 non

400 2143 563 2208 videretur
584 2141 724 2206 existere
746 2143 840 2227 juxta
854 2143 1024 2207 canonicas
1049 2143 1244 2208 sanctiones.
1301 2143 1385 2208 Item
1409 2141 1497 2226 quod
1522 2162 1598 2204 cum

400 2246 521 2311 devita
536 2255 569 2309 et
583 2245 832 2310 conversacione
855 2245 932 2310 dicti
956 2246 1112 2310 Willelmi
1133 2245 1281 2311 nondum
1296 2245 1339 2310 sit
1353 2245 1387 2310 in
1402 2245 1506 2309 forma
1517 2241 1600 2328 juris

398 2350 562 2435 inquisita,
586 2349 661 2434 quia
683 2349 777 2414 dietis
794 2349 934 2414 dominis
950 2350 1018 2414 suis
1043 2351 1084 2414 ad
1107 2349 1171 2414 hoc
1194 2372 1260 2414 non
1284 2349 1420 2429 vocatis,
1443 2348 1520 2413 licet
1542 2368 1601 2410 sua

399 2452 708 2521 adtaminarent
731 2452 766 2516 in
793 2451 853 2517 hac
876 2461 977 2538 parte,
992 2452 1033 2516 ad
1059 2451 1278 2538 provisionem
1294 2451 1471 2537 predictam
1488 2471 1601 2535 proce-

399 2557 475 2619 dere
489 2577 557 2619 ιιοιι
574 2555 736 2639 potaristis,
748 2577 809 2618 nec
824 2555 864 2619 de
875 2556 948 2639 jure
969 2554 1138 2620 debuistis.
1175 2556 1221 2619 Et
1235 2563 1470 2639 protestantem
1482 2553 1602 2617 dealiis

399 2655 655 2720 deffensionibus
671 2655 831 2720 dictorum
847 2657 1054 2722 dominorum
1071 2679 1203 2721 suorum
1219 2667 1286 2720 tam
1301 2667 1414 2722 contra
1429 2677 1601 2740 personam

401 2757 480 2821 dieti
493 2756 649 2820 Willelmi
664 2777 760 2840 quem
776 2756 874 2820 etiam
900 2766 1012 2820 contra
1036 2778 1192 2840 personas
1207 2757 1341 2821 testium
1356 2758 1502 2842 ejusdem
1518 2757 1602 2820 Wil-

400 2857 499 2936 lelmi,
514 2856 570 2941 qui
591 2856 624 2918 in
639 2855 853 2939 inquisicione
869 2877 931 2940 que
947 2857 1065 2920 dicitur
1080 2857 1164 2920 sacta
1182 2878 1279 2942 super
1300 2857 1368 2922 vita
1382 2867 1416 2922 et
1430 2879 1602 2922 conversa-

400 2960 494 3026 cione
520 2959 624 3044 ipsius
648 2956 785 3022 adhibiti
811 2958 953 3038 fuerunt,
968 2981 1028 3044 pro
1052 2960 1124 3025 loco
1144 2969 1178 3024 et
1201 2970 1347 3046 tempore
1370 2961 1602 3046 proponendis,

402 3083 500 3148 super
514 3062 681 3147 premissis
695 3061 805 3138 audim
828 3071 861 3126 et
870 3062 1035 3147 justiciam
1058 3062 1120 3127 sibi
1143 3064 1275 3128 nomine
1300 3065 1477 3130 eorundem
1500 3064 1604 3131 domi·

401 3187 520 3230 norum
535 3186 668 3230 suorum
693 3166 797 3229 facere
818 3164 1000 3250 denegastis
1025 3187 1083 3231 seu
1107 3165 1280 3232 recusastis
1295 3168 1404 3232 minus
1416 3170 1515 3254 juste,
1531 3171 1603 3256 Ego

403 3277 593 3352 procurator
615 3290 728 3333 eorum
754 3269 938 3332 antedictus
964 3269 1006 3334 ad
1032 3269 1260 3355 appellandum
1277 3270 1317 3335 ab
1341 3271 1464 3336 eisdem
1488 3272 1521 3336 in
1544 3273 1605 3336 hac

405 3380 497 3455 parte
511 3371 668 3456 legittime
683 3372 893 3451 constitutus,
908 3383 1042 3458 propter
1055 3373 1241 3458 gravamina
1256 3375 1440 3460 supradicta
1454 3385 1488 3440 et
1502 3376 1605 3461 quod·

406 3471 486 3534 libet
501 3493 612 3536 eorum
638 3473 748 3536 sedem
772 3474 982 3557 apostolicam
1003 3485 1037 3539 et
1063 3476 1173 3540 sedem
1190 3477 1363 3541 Cantuarie
1388 3499 1448 3560 pro
1464 3477 1605 3542 tuicione

408 3595 428 3636 a
442 3572 546 3651 vobis,
573 3573 706 3636 domino
730 3573 899 3638 Lincolnie
929 3577 1092 3661 episcopo,
1116 3577 1282 3662 provisore
1306 3588 1495 3656 memorato,
1524 3578 1606 3643 fines

409 3674 552 3738 mandati
577 3675 747 3759 apostolici
769 3676 862 3740 vobis
889 3677 1001 3740 directi
1027 3679 1246 3763 multipliciter
1271 3679 1457 3758 excedente,
1483 3679 1518 3744 in
1541 3680 1605 3744 hiis

407 3776 536 3860 scriptis
551 3776 679 3860 appello
703 3786 737 3840 et
759 3777 924 3861 apostolos
939 3789 1017 3862 peto
1033 3801 1106 3843 cum
1121 3779 1289 3860 instancia,
1312 3779 1474 3845 subiciens
1497 3805 1550 3848 me
1572 3795 1606 3850 et

408 3877 569 3962 predictos
585 3877 733 3942 dominos
749 3901 850 3960 meos,
866 3880 1097 3946 monasterium
1107 3903 1202 3945 suum
1214 3893 1247 3948 et
1258 3882 1366 3947 omnia
1376 3884 1451 3969 jura
1462 3887 1500 3951 ad
1517 3887 1607 3973 ipsos

409 3989 443 4045 et
465 3981 698 4046 monasterium
724 4005 820 4046 suum
845 3985 1033 4068 spectantia,
1049 3985 1184 4049 tuicioni
1207 3997 1240 4050 et
1265 3989 1459 4072 protectioni
1482 3993 1607 4057 sedium

408 4083 635 4170 predictarum.
680 4086 727 4149 Et
740 4107 782 4150 ne
797 4109 866 4166 vos,
882 4086 1012 4152 domine
1028 4088 1189 4173 episcope,
1205 4090 1324 4175 aliquid
1340 4092 1373 4156 in
1393 4095 1606 4179 prejudicium

411 4206 531 4266 meum,
550 4186 769 4272 predictorum
785 4187 990 4253 dominorum
1006 4211 1150 4254 meorum
1167 4213 1224 4256 seu
1240 4195 1426 4258 monasterii
1441 4196 1491 4260 sui
1507 4197 1609 4280 quod-
