3894 5024
649 613 866 660 canonicos
884 613 1214 660 carnosunoansrr.
1476 601 1537 660 1⁵3

341 763 474 829 terrain
489 765 725 852 Messingham.
770 766 863 832 Idem
877 788 955 832 varo
978 765 1091 834 Simon
1106 766 1202 833 faciet
1219 773 1340 862 sectam
1360 765 1402 830 ad
1416 766 1538 831 curiam

339 864 442 950 ipsius
456 866 582 932 abbatis
598 870 638 934 de
662 868 770 954 Burgo
785 890 844 953 pro
859 868 946 934 dioto
969 869 1145 958 mesuagio,
1159 891 1191 934 x.
1206 867 1333 934 bovatis
1357 878 1391 933 et
1405 868 1539 933 dimidia

340 977 424 1035 terre
438 971 603 1056 predictis,
614 973 654 1038 de
669 971 772 1038 tribas
787 971 977 1058 septimanis
998 973 1034 1038 in
1048 983 1113 1038 tres
1129 971 1336 1058 septimanas.
1380 973 1427 1036 Et
1441 973 1539 1038 solvit

340 1070 427 1136 dicto
453 1073 563 1140 abbati
587 1098 646 1161 per
670 1098 792 1140 annum
820 1075 866 1139 iii.
892 1075 1025 1155 solidos,
1050 1075 1107 1141 iiii.
1135 1073 1297 1153 denarios,
1325 1073 1476 1140 videlicet
1504 1097 1537 1144 x.

339 1172 488 1241 denarios
512 1199 572 1263 pro
597 1187 695 1244 turno
709 1176 920 1256 vicecomitis,
942 1199 975 1240 x.
998 1177 1146 1243 denarios
1167 1199 1228 1263 pro
1253 1177 1485 1263 francoplegio,
1504 1199 1537 1242 x.

340 1275 487 1343 denarios
515 1302 576 1365 pro
605 1281 712 1348 warda
742 1281 781 1345 de
804 1279 1021 1364 Rokingham,
1047 1289 1082 1346 et
1109 1301 1143 1347 x.
1169 1279 1317 1345 denarios
1343 1281 1385 1346 de
1407 1280 1537 1345 annuali

338 1376 477 1444 redditu.

383 1481 635 1547 Memorandum
649 1483 737 1568 quod
758 1482 1013 1550 Estbutterwike
1033 1483 1175 1568 pertinet
1188 1485 1230 1549 ad
1252 1484 1488 1570 Messingbam,
1502 1493 1537 1549 et

339 1592 390 1647 est
404 1593 511 1648 totum
527 1585 566 1649 de
580 1585 677 1651 feodo
691 1584 830 1650 abbatis.

382 1687 634 1753 Memorandum
652 1688 740 1774 quod
761 1697 828 1752 tres
850 1695 958 1774 partes
980 1687 1021 1754 de
1046 1688 1271 1774 Messingham
1293 1696 1371 1753 sunt
1385 1689 1425 1753 de
1439 1687 1536 1753 feodo

338 1787 465 1854 abbatis
477 1790 517 1855 de
528 1791 638 1875 Burgo
654 1791 758 1856 sancti
769 1789 868 1870 Petri,
881 1790 969 1855 unde
985 1791 1098 1856 Simon
1110 1791 1255 1858 Crauker
1266 1800 1357 1856 tenet
1365 1791 1406 1855 de
1421 1789 1534 1855 eodem

337 1890 454 1956 abbate
484 1915 516 1958 x.
545 1892 681 1958 bovatas
710 1902 795 1958 terre
823 1903 858 1958 et
882 1891 1060 1974 dimidiam,
1086 1902 1121 1958 et
1145 1894 1222 1960 inde
1257 1904 1348 1960 tenet
1372 1892 1536 1958 Robertus

338 1993 541 2060 Forestarius
566 1994 647 2060 duas
669 1994 804 2060 bovatas
827 2004 920 2061 terre.
966 1995 1012 2060 Et
1039 1995 1206 2062 sciendum
1230 1995 1317 2082 quod
1341 1995 1446 2060 Alicia
1470 1995 1537 2062 filia

338 2094 481 2160 Simonis
508 2096 662 2176 Crculrer,
685 2118 783 2182 quam
808 2096 951 2161 Thomas
978 2097 1097 2164 Russel
1126 2100 1224 2164 frater
1247 2097 1371 2163 domini
1398 2097 1536 2164 Gallridi

338 2199 457 2264 Russel
471 2200 564 2265 duxit
585 2200 619 2265 in
639 2221 785 2280 uxorem,
799 2208 891 2266 tanet
914 2200 994 2264 duas
1020 2200 1156 2267 bovatas
1172 2213 1255 2267 terre
1271 2202 1311 2266 de
1333 2203 1430 2267 feodo
1446 2203 1536 2266 Hos-

336 2300 456 2386 pitalis,
480 2324 542 2388 que
567 2323 636 2367 non
662 2310 740 2366 sunt
765 2302 806 2366 de
831 2323 864 2366 x.
889 2300 1017 2365 bovatis
1039 2310 1124 2368 terre
1148 2312 1182 2368 et
1205 2301 1349 2380 dimidia,
1372 2301 1472 2366 tentis
1494 2302 1535 2367 de

336 2404 453 2470 abbate
480 2405 592 2493 Burgi.
636 2407 683 2472 Et
705 2406 804 2471 solvit
828 2425 887 2491 pro
910 2404 944 2469 ii.
969 2403 1098 2470 bovatis
1121 2413 1206 2469 terre
1230 2403 1414 2482 antedictis,
1439 2403 1535 2470 dictis

337 2507 611 2594 Hospitalaribus,
624 2508 691 2574 viii.
707 2506 827 2572 solidos
842 2527 979 2570 annuos.

379 2611 492 2678 Simon
514 2635 592 2678 vero
616 2611 760 2678 Creuker
781 2609 964 2676 antedictus
985 2607 1063 2676 facit
1086 2617 1207 2681 secum
1230 2609 1271 2674 ad
1292 2609 1413 2676 curiam
1428 2609 1533 2696 ipsius

334 2713 462 2780 abbatis
485 2715 526 2780 de
552 2715 662 2799 Burgo
683 2735 744 2798 pro
765 2735 798 2778 x.
823 2711 951 2778 bovatis
974 2720 1059 2777 terre
1082 2722 1117 2777 et
1139 2712 1272 2779 dimidia
1296 2713 1470 2799 predictis3
1493 2714 1534 2780 dc

333 2818 438 2883 tribus
468 2817 657 2904 septimanis
686 2817 721 2882 in
747 2827 812 2882 tres
843 2817 1051 2902 septimanas.
1105 2817 1152 2882 Et
1176 2816 1274 2882 solvit
1303 2816 1390 2882 dicto
1420 2815 1531 2882 abbati

333 2920 500 2984 annuatim
525 2919 571 2984 iii.
595 2919 727 2999 solidos,
751 2919 808 2984 iiii.
835 2919 995 2998 denarios,
1018 2940 1078 3004 pro
1101 2929 1200 2986 turno
1225 2921 1435 2997 vicecomitis,
1459 2921 1533 2985 visu

333 3021 541 3106 franciplegii,
567 3021 674 3086 warda
698 3020 739 3086 de
769 3019 986 3106 Robingham,
1015 3021 1146 3085 annuali
1179 3021 1309 3086 redditu
1343 3030 1377 3086 et
1402 3021 1533 3086 annuali

333 3123 566 3207 recognicione.

377 3224 470 3290 Prior
494 3225 593 3290 etiam
614 3223 656 3289 de
676 3223 878 3288 Thornholm
901 3231 992 3289 tenet
1013 3222 1049 3287 in
1072 3223 1186 3289 eadem
1199 3225 1276 3290 villa
1290 3223 1331 3289 ds
1359 3223 1475 3290 abbata
1490 3224 1531 3289 de

333 3328 444 3413 Burgo
459 3326 506 3392 xi.
516 3325 651 3392 bovatas
662 3334 747 3390 terre
761 3334 795 3390 et
805 3324 983 3403 dimidiam,
997 3346 1072 3389 oum
1087 3325 1189 3407 tostis,
1203 3325 1238 3391 in
1253 3347 1367 3411 puram
1382 3325 1531 3392 elemosi-

331 3453 419 3512 nam,
430 3439 464 3496 et
475 3429 545 3495 sine
556 3428 716 3494 forinseco
728 3427 875 3493 servicio.
915 3427 961 3492 Et
972 3435 1118 3513 praterea
1128 3435 1219 3494 tenet
1232 3427 1354 3492 ibidem
1364 3428 1405 3496 de
1415 3427 1530 3494 eodem

330 3536 427 3601 feodo
443 3533 554 3620 Burgi,
569 3531 711 3618 quinque
725 3530 860 3596 bovatas
877 3539 959 3595 terre
974 3529 1015 3594 ad
1029 3529 1160 3615 galdum
1175 3538 1209 3594 et
1222 3530 1301 3594 facit
1314 3530 1530 3613 forinsecum

110 3649 264 3712 (satamon
274 3648 319 3716 w.)
336 3639 447 3724 setde
456 3638 528 3704 istis
541 3633 819 3722 quinqucbovatia
834 3643 918 3700 terre
932 3631 1275 3719 responditWillelmo
1287 3633 1481 3700 Marescallo
1490 3635 1531 3701 de

332 3743 477 3827 scutagio
496 3750 531 3806 et
544 3739 614 3804 aliis
629 3738 797 3804 forinsecis
812 3746 970 3824 quantum
996 3735 1137 3822 pertinet
1162 3735 1204 3800 ad
1225 3745 1354 3801 tanturn
1370 3737 1410 3803 de
1434 3739 1530 3804 leodo

331 3844 443 3909 militia
466 3844 592 3928 integro
616 3850 650 3908 et
673 3837 808 3904 dimidio
829 3837 864 3901 in
884 3836 997 3902 eadem
1012 3835 1098 3916 villa,
1121 3844 1155 3900 et
1168 3836 1239 3921 ipse
1254 3835 1439 3902 Willelmus
1455 3838 1530 3902 inda

329 3945 508 4032 respondet
521 3945 543 4010 J
545 3943 667 4010 obanni
689 3941 900 4028 Marmyoun,
915 3948 949 4004 et
968 3938 1039 4026 ipse
1054 3937 1076 4004 J
1078 3937 1223 4005 ohannes
1238 3937 1350 4006 abbati
1364 3939 1405 4006 de
1420 3940 1530 4025 Burgo

331 4049 437 4115 sancti
453 4047 553 4113 Petri.

375 4171 490 4217 anun.
507 4167 581 4213 soc.
1376 4163 1399 4206 x
