3938 5022
411 607 453 665 96
731 619 944 666 ouaoruoon
962 617 1286 664 carnosunounsu.

408 773 598 850 reformata3
615 770 684 836 dies
693 771 812 836 iterum
824 773 919 838 datus
934 779 985 836 est
1000 771 1046 835 eis
1062 791 1169 836 coram
1181 766 1367 853 justiciariis
1382 768 1547 852 predictis,
1559 769 1610 833 die

409 875 545 938 Veneris
556 873 704 960 proxima
718 884 793 939 ante
809 875 894 939 diem
906 877 1127 940 pentecostes.
1171 872 1224 936 Ad
1240 871 1439 955 quemdiem
1455 870 1554 936 abbas
1570 874 1611 938 de

409 976 576 1059 Barlinges
592 977 712 1061 optulit
726 999 761 1042 se
778 999 891 1042 versus
906 978 1089 1062 predictum
1110 974 1261 1040 abbatem
1289 973 1330 1038 de
1350 974 1471 1058 Burgo‚
1497 975 1609 1038 multis

408 1100 536 1163 quoquc
546 1078 632 1144 inter
645 1090 754 1165 partes
769 1079 1035 1146 altercacionibus
1050 1076 1271 1162 interpositis;
1286 1075 1458 1156 justiciarii
1473 1076 1610 1161 predicti

408 1180 609 1264 prefixerunt
623 1182 670 1246 eis
686 1182 772 1247 diem
784 1184 870 1267 apud
880 1181 1210 1247 westmonasterium
1222 1179 1256 1242 in
1269 1179 1391 1257 Banco,
1400 1179 1434 1242 in
1449 1179 1612 1263 quindena

407 1282 509 1346 sancti
531 1283 555 1348 J
556 1283 693 1347 ohannis
718 1284 885 1369 Baptista:
915 1285 956 1348 ad
986 1306 1083 1368 quem
1107 1283 1194 1347 diem
1218 1282 1281 1345 fuit
1309 1280 1408 1345 abbas
1433 1283 1473 1346 de
1500 1282 1609 1365 Burgo

407 1386 589 1450 essoniatus
604 1397 637 1452 et
652 1389 747 1452 datus
762 1397 814 1452 est
828 1389 897 1452 dies
913 1387 1036 1452 eisdem
1051 1387 1085 1451 in
1101 1386 1241 1450 crastino
1257 1387 1360 1450 sancti
1376 1385 1521 1451 Martini.

449 1490 502 1554 De
517 1491 635 1576 placito
650 1492 784 1556 manerii
801 1493 841 1556 de
857 1493 999 1572 scotere,
1023 1490 1110 1576 quod
1126 1489 1277 1554 dominus
1293 1490 1364 1552 Rex
1377 1488 1472 1573 petiit
1496 1509 1608 1552 versus

405 1590 566 1670 abbatem,
583 1603 680 1677 prout
704 1614 801 1678 supra
826 1603 959 1658 notatur
979 1594 1057 1657 folio
1080 1591 1192 1669 lxxvii,
1209 1601 1243 1656 et
1268 1593 1309 1656 dc
1327 1591 1396 1655 aliis
1418 1591 1544 1676 placitis
1567 1591 1608 1655 ad

404 1715 555 1778 rageman
570 1695 820 1778 pertinentibus,
830 1697 930 1760 nichil
945 1707 1052 1761 actum
1069 1704 1140 1775 est,
1168 1696 1225 1759 sed
1240 1694 1339 1759 abbas
1355 1695 1457 1760 etalii
1472 1696 1542 1761 sine
1557 1696 1609 1761 dic

404 1805 616 1874 recesserunt,
630 1797 832 1861 voluntatem
847 1798 945 1882 Regis
961 1819 1058 1881 super
1072 1797 1194 1861 eisdem
1209 1805 1426 1880 expectantes.

449 1896 589 1964 Quando
599 1899 755 1962 Alfonsus
770 1899 855 1962 filius
871 1899 969 1983 Regis
984 1899 1133 1964 decessit.

449 2001 523 2064 Hoc
538 2022 624 2064 anno
640 2001 692 2064 die
708 2000 842 2065 Sabbati
857 2002 1004 2087 proxima
1030 2011 1106 2065 ante
1131 2002 1252 2066 festum
1268 2001 1373 2066 sancti
1387 2002 1609 2069 Bartholomei

405 2101 487 2168 obiit
510 2102 662 2166 dominus
686 2103 842 2167 Alfonsus
869 2103 993 2168 domini
1018 2103 1116 2188 Regis
1131 2104 1237 2182 heres,
1265 2113 1298 2167 et
1328 2105 1475 2189 sepultus
1491 2115 1541 2170 cst
1556 2106 1608 2170 die

406 2205 541 2271 Sabbati
555 2206 705 2290 proximo
721 2215 876 2290 sequente
891 2207 979 2290 apud
994 2205 1246 2270 Windlesoram.

450 2311 525 2374 Hoc
539 2332 626 2374 anno
641 2309 718 2374 iecit
732 2309 885 2373 dominus
901 2310 1054 2375 Oliverus
1080 2309 1253 2394 episcopus
1276 2308 1500 2375 visitacionem
1516 2332 1608 2375 suam

406 2414 492 2498 apud
508 2414 667 2498 Burgum,
681 2434 785 2476 nonas
801 2412 1015 2498 Septembris,
1030 2411 1120 2476 nulla
1134 2411 1379 2496 premunicione
1394 2413 1489 2478 facta.

203 2521 327 2582 (fol-cvii·
338 2527 387 2589 νὴ)
448 2520 462 2594 l
475 2516 574 2579 Anno
589 2515 725 2579 Domini
741 2519 838 2578 u⁰cc⁰
852 2515 1050 2599 octogesimo
1065 2525 1190 2598 quarto.

412 2671 415 2676 .
450 2616 687 2699 Inquisiciones
702 2617 785 2680 facte
800 2637 858 2700 per
873 2616 1043 2680 dominum
1057 2614 1180 2699 Regem
1191 2637 1289 2699 super
1303 2613 1439 2679 diversis
1451 2616 1605 2684 articulis.

412 2781 415 2789 ,
449 2719 536 2782 Item
550 2717 613 2782 hoc
627 2739 713 2782 anno
728 2717 905 2802 assignavit
919 2717 1070 2782 dominus
1081 2718 1151 2780 Rex
1166 2718 1200 2780 in
1216 2716 1361 2801 quolibet
1375 2718 1531 2783 comitatu
1541 2729 1607 2784 tres

401 2819 598 2904 justitiarios
612 2820 654 2883 ad
668 2819 898 2903 inquirendum
920 2841 979 2904 per
1001 2827 1238 2882 sacramentum
1261 2828 1329 2882 tam
1353 2819 1493 2883 militum
1508 2843 1605 2906 quam

404 2923 540 2990 aliorum
562 2923 739 3009 proborum
754 2933 787 2987 et
801 2923 951 3008 legalium
977 2921 1148 2986 hominum
1174 2921 1215 2986 de
1238 2921 1444 2986 comitatibus
1460 2923 1607 3010 singulis,

404 3047 463 3114 per
477 3047 558 3111 quos
573 3027 620 3091 rei
634 3027 752 3092 veritas
767 3027 882 3090 melius
898 3026 967 3091 fieri
983 3024 1104 3110 poterit
1117 3033 1152 3089 et
1165 3024 1294 3109 inquiri,
1305 3024 1384 3110 quid
1399 3035 1433 3091 et
1448 3037 1606 3112 quantum

404 3130 523 3196 diversi
541 3131 760 3211 vicecomites,
775 3129 892 3216 quibus
917 3131 1069 3195 dominus
1086 3129 1249 3194 Henricus
1265 3130 1347 3209 Rex,
1367 3139 1459 3214 pater
1482 3132 1606 3197 domini

404 3235 503 3320 Regis
518 3257 616 3312 nunc,
631 3245 665 3300 et
684 3235 755 3320 ipse
778 3243 892 3320 postea
917 3244 1065 3318 tempore
1092 3254 1151 3297 suo
1175 3234 1408 3299 commiserunt
1433 3237 1606 3301 comitatus

402 3338 565 3421 predictos
577 3339 819 3418 custodiendos,
831 3347 865 3402 ct
879 3337 985 3402 clerici
996 3359 1054 3402 seu
1069 3335 1179 3400 ballivi
1190 3337 1367 3402 eorundem
1379 3337 1605 3403 vicecomitum

402 3439 621 3522 predictorum
648 3440 861 3504 comitatuum
887 3438 967 3507 suis¹
980 3437 1183 3522 temporibus
1206 3450 1399 3524 receperunt
1421 3439 1461 3503 dc
1486 3440 1605 3503 debitis

404 3539 481 3618 suis,
506 3561 569 3624 que
583 3541 719 3604 veniunt
742 3542 777 3604 in
801 3540 1092 3604 summonicionem
1117 3539 1273 3605 Scaccarii
1299 3542 1423 3606 domini
1448 3543 1556 3626 Regis,
1571 3550 1605 3605 et

403 3639 561 3725 aquibus,
576 3652 610 3706 et
624 3650 782 3725 quantum
797 3663 816 3705 a
831 3641 987 3725 quolibet,
1002 3651 1036 3706 et
1050 3641 1168 3725 quibus
1177 3643 1411 3709 occasionibus.
1438 3643 1484 3706 Et
1498 3643 1539 3706 ad
1552 3643 1603 3706 in-

403 3743 591 3827 quirendam
606 3742 736 3828 plenius
755 3743 924 3808 veritatem
945 3742 980 3806 in
995 3743 1173 3828 premissis,
1196 3745 1282 3810 unde
1303 3743 1449 3828 precepit
1471 3743 1604 3809 cuilibet

402 3843 585 3910 vicecomiti
599 3865 658 3930 per
679 3844 776 3910 breve
792 3866 899 3922 suum,
921 3845 1009 3929 quod
1031 3844 1161 3929 publice
1175 3845 1367 3930 proclamari
1385 3847 1492 3927 faciat,
1515 3848 1603 3933 quod

403 3966 517 4012 omnes
542 3955 576 4011 et
602 3946 732 4030 singuli,
759 3967 817 4011 seu
843 3967 956 4010 eorum
981 3947 1128 4026 heredes,
1143 3947 1199 4032 qui
1223 3947 1330 4033 aliqua
1355 3947 1465 4016 debita
1480 3949 1604 4015 domini

404 4044 502 4132 Regis
519 4046 665 4125 Henrici,
692 4067 751 4112 seu
767 4045 864 4131 Regis
879 4067 977 4125 nunc,
993 4067 1057 4131 que
1076 4055 1155 4113 tunc
1169 4059 1330 4114 venerunt
1358 4050 1392 4114 in
1423 4052 1603 4116 summoui-

403 4149 541 4230 cionem,
567 4151 735 4217 solverunt
758 4149 889 4235 prelatis
915 4149 1159 4228 vioecomitibus
1185 4162 1243 4218 aut
1268 4173 1380 4218 eorum
1405 4153 1531 4220 ballivis
1546 4163 1603 4220 aut
