3894 5024
655 631 868 678 onnonrcon
885 632 1212 679 rnueosunosnsn.
1478 619 1536 686 147

380 782 633 848 Memorandum
648 785 736 870 quod
753 805 816 850 sir.
841 784 996 850 kalendas
1012 783 1178 865 Octobris,
1194 784 1327 864 scilicet,
1354 783 1406 848 die
1433 783 1537 848 sancti

337 884 505 950 lamberti
519 886 670 966 martiris,
692 908 778 952 anno
802 887 939 952 Domini
965 887 1096 952 M⁰.o⁰c⁰
1117 886 1353 972 Nonogesimo,
1368 885 1537 952 Johannes

336 987 423 1051 filius
438 987 567 1054 Ricardi
591 990 632 1054 de
649 988 925 1075 Hemmyngtcna,
940 988 997 1075 qui
1020 997 1099 1054 tunc
1124 989 1187 1054 fuit
1213 989 1253 1054 de
1279 997 1405 1074 septem
1430 987 1535 1064 annis,

336 1089 413 1154 iecit
426 1090 613 1178 homagium
628 1091 762 1156 domino
778 1091 917 1158 Ricardo
932 1092 973 1156 de
996 1092 1179 1157 Londoniis
1204 1090 1327 1157 Abbati
1352 1089 1455 1175 Burgi
1476 1111 1537 1174 pro

336 1200 524 1260 tenemento
538 1195 626 1280 quod
645 1195 685 1260 de
709 1195 783 1281 ipso
806 1203 897 1261 tenet
921 1194 956 1259 in
984 1195 1263 1281 Hemmyngtone,
1277 1194 1365 1278 apud
1390 1193 1537 1278 Burgum

336 1292 448 1360 Sancti
470 1297 558 1362 Petri
573 1298 606 1362 in
622 1319 748 1364 camera
762 1297 887 1362 domini
901 1295 1040 1376 abbatis,
1062 1297 1097 1360 in
1111 1297 1279 1381 presencia
1302 1297 1427 1362 domini
1453 1295 1536 1360 Gre-

334 1399 416 1480 gorii
430 1399 472 1464 de
486 1399 697 1484 Lullingtona
713 1398 835 1476 militis,
857 1397 982 1464 domini
1004 1397 1161 1462 Willelmi
1187 1399 1228 1464 de
1243 1398 1441 1463 Wodeforde
1456 1406 1536 1460 tune

336 1499 476 1566 Sacriste
492 1499 602 1586 Burgi,
624 1502 750 1565 Thome
774 1500 901 1580 Peehel,
928 1500 1092 1586 Ranulphi
1118 1500 1159 1566 de
1187 1499 1395 1567 Wodestona
1419 1498 1536 1578 clerici,

335 1600 497 1666 Johannis
526 1602 651 1668 Jordan
681 1602 722 1668 de
752 1602 960 1683 Bernewelle‚
984 1602 1147 1668 Johannis
1172 1603 1212 1668 de
1237 1604 1481 1688 Hemyngtona,
1503 1609 1537 1664 et

337 1704 472 1770 aliorum
487 1705 675 1772 multorum.

383 1809 482 1874 Anno
496 1809 632 1875 Domini
648 1809 789 1876 M⁰.c⁰c⁰.
803 1809 1023 1894 nonagesimo,
1049 1809 1102 1875 die
1128 1809 1285 1876 Mercurii
1299 1809 1447 1894 proxima
1462 1813 1537 1892 post

340 1911 462 1976 festum
487 1911 599 1978 Sancti
624 1911 751 1978 Methie
766 1911 916 1996 apostoli,
940 1911 1074 1990 scilieet,
1097 1913 1201 1997 pridie
1227 1911 1381 1978 kalendas
1408 1906 1536 1984 Marcii,

340 2012 506 2078 Johannes
531 2013 648 2094 Wake,
672 2013 729 2098 qui
754 2023 833 2078 tunc
858 2013 1005 2078 nondum
1028 2013 1091 2078 fuit
1115 2014 1219 2094 miles,
1248 2013 1325 2079 fecit
1348 2009 1536 2096 homagium

339 2116 472 2181 domino
488 2117 626 2182 Ricardo
642 2116 682 2182 de
697 2115 878 2181 Londoniis
893 2114 1013 2180 Abbati
1040 2116 1140 2202 Burgi
1162 2117 1250 2203 apud
1266 2117 1411 2201 Burgum
1426 2111 1538 2179 Sancti

340 2218 428 2284 Petri
442 2241 501 2305 pro
516 2227 703 2284 tenemento
718 2217 805 2303 quod
822 2216 862 2280 de
876 2216 949 2302 ipso
971 2225 1072 2298 tenet,
1086 2218 1121 2283 in
1143 2219 1310 2304 presencia
1324 2217 1448 2282 domini
1464 2215 1537 2279 Hu-

338 2321 432 2408 gonis
447 2322 553 2388 Wake
567 2322 692 2400 militis,
708 2319 852 2405 magistri
877 2319 1010 2385 Rcberti
1034 2321 1074 2386 de
1098 2321 1248 2388 Sceffeud
1268 2332 1347 2386 tunc
1365 2315 1538 2384 Senescalli

340 2424 452 2510 Burgi,
492 2424 616 2490 domini
646 2421 801 2488 Willelmi
840 2421 880 2484 de
924 2419 1100 2486 Wodeford
1137 2431 1217 2487 tunc
1247 2421 1387 2487 Sacriste
1425 2417 1537 2502 Burgi,

341 2526 494 2592 Richardi
516 2526 622 2592 fratris
651 2523 775 2590 domini
806 2521 943 2587 Geliridi
973 2522 1137 2608 quondam
1166 2523 1278 2589 militis
1302 2523 1343 2588 de
1367 2520 1538 2605 Sutthorp,

341 2631 364 2696 J
365 2629 502 2696 ohannis
517 2631 644 2705 Blome,
660 2636 694 2694 et
707 2627 844 2692 aliorum
859 2625 1048 2690 multorum.

385 2732 484 2798 Curia
494 2733 535 2798 de
546 2732 760 2818 Weringtona
770 2739 862 2795 tenta
876 2728 928 2794 die
939 2729 1034 2794 Lune
1048 2728 1197 2815 proximo
1208 2739 1285 2814 post
1294 2729 1416 2793 festum
1428 2725 1539 2792 Sancti

342 2835 430 2901 Petri
443 2835 478 2899 in
493 2833 666 2914 cathedra,
680 2855 766 2898 enno
781 2832 906 2896 domini
921 2832 1051 2898 Ricardi
1066 2831 1204 2898 Abbatis
1219 2833 1345 2898 decimo
1361 2841 1486 2896 octavo.

386 2938 487 3021 Hugo
497 2936 584 3000 filius
600 2934 764 3019 Redulphi
777 2933 883 2998 (Irene
898 2933 939 2998 de
953 2935 1141 3018 Alingtone,
1151 2944 1251 3020 prout
1263 2933 1435 3019 inquisicio
1451 2933 1540 3014 dicit,

342 3048 394 3104 est
407 3038 493 3102 filius
509 3046 543 3102 et
559 3037 653 3100 heres
668 3035 746 3100 dicti
771 3034 933 3120 Redulphi
961 3045 995 3099 et
1016 3035 1112 3119 plene
1137 3035 1245 3114 etatis,
1266 3044 1300 3100 et
1322 3043 1414 3100 tenet
1436 3055 1540 3098 unum

344 3137 543 3223 mesuagium
558 3145 592 3200 et
607 3135 773 3220 sexaginte
787 3156 876 3200 acras
891 3147 977 3200 terre
991 3157 1067 3200 eum
1078 3135 1287 3220 pertinenciis
1302 3138 1337 3202 in
1351 3138 1540 3222 Alingtone,

343 3253 382 3306 ut
390 3240 529 3305 liberum
544 3238 707 3324 socegium
720 3237 761 3302 dc
772 3237 901 3304 Abbate
912 3238 953 3304 de
965 3239 1087 3324 Burgo,
1099 3238 1264 3305 reddendo
1275 3239 1351 3304 inde
1366 3239 1471 3304 eidem
1482 3261 1541 3325 per

344 3367 467 3410 annum
481 3343 525 3408 xi.
540 3341 662 3406 solidos
678 3340 753 3406 ‚viii
769 3341 917 3406 denarios
943 3342 984 3406 sd
1009 3341 1066 3406 iiii.
1092 3341 1260 3422 terminos,
1275 3352 1309 3407 et
1334 3341 1540 3408 medietatem

344 3448 441 3514 unius
461 3446 601 3514 vomeris
616 3444 658 3509 ad
672 3444 780 3530 gulam
795 3444 947 3530 Augusti.
991 3444 1083 3509 Fecit
1106 3455 1227 3510 sectum
1253 3455 1288 3510 et
1307 3446 1363 3510 dat
1385 3446 1540 3514 relevium

345 3551 507 3618 sexdecim
523 3547 699 3614 solidorum
715 3569 790 3612 cum
804 3546 965 3613 acciderit.
1011 3547 1123 3630 (Modo
1137 3553 1171 3614 in
1185 3571 1280 3615 manu
1294 3551 1433 3634 domim.)

388 3657 487 3720 Anno
502 3650 638 3718 Domini
654 3650 794 3716 M⁰.c⁰c⁰.
809 3651 1031 3737 Nonagesimo
1046 3650 1162 3738 primo,
1177 3651 1229 3716 die
1245 3651 1379 3716 Sabbeti
1393 3653 1542 3736 proximo

196 3759 222 3792 ⁸·
346 3769 422 3824 ante
449 3759 570 3822 festum
600 3755 711 3820 Sancti
741 3754 888 3834 Martini,
917 3755 1050 3835 scilicet,
1080 3764 1193 3841 quarto
1222 3754 1297 3820 idus
1335 3755 1543 3838 Novembris,

346 3860 515 3926 Johannes
542 3858 629 3924 filius
655 3856 778 3922 domini
807 3857 937 3922 Andree
960 3858 1079 3924 Russel
1103 3857 1180 3924 iecit
1199 3857 1385 3944 homagium
1410 3859 1543 3924 domino

348 3961 487 4026 Ricardo
501 3960 622 4026 Abbati
636 3981 696 4044 pro
708 3969 894 4024 tenemento
914 3958 1002 4044 quod
1017 3960 1057 4024 de
1081 3960 1154 4045 ipso
1169 3968 1260 4024 tenet
1284 3959 1318 4023 in
1343 3959 1493 4024 Meltone
1509 3969 1544 4024 et

349 4067 501 4142 Pestona,
516 4061 549 4126 in
564 4062 731 4147 presencia
745 4063 951 4128 dominorum
975 4061 998 4127 J
999 4062 1136 4127 ohannis
1151 4063 1192 4127 de
1206 4063 1332 4128 Astcna
1346 4071 1380 4126 et
1406 4061 1544 4127 Geliridi
