3812 5030
605 641 817 690 crraorvrcon
835 645 1161 692 naraonuecansc.
1444 631 1485 688 45

332 793 378 858 Et
392 814 457 878 quo
472 803 612 859 warento
624 796 741 861 clamat
752 819 866 862 omnes
877 809 991 878 terras,
1002 797 1097 862 feoda
1112 795 1285 876 dominica,
1294 803 1328 861 et
1343 795 1487 860 dominia

290 917 358 973 sua,
388 896 495 982 quieta
518 896 558 962 de
591 896 742 962 omnibus
775 899 872 964 sectis
904 899 1129 978 comitatuum,
1155 907 1423 984 wapentacarum,
1453 907 1488 964 et

289 998 529 1083 trithingorum,
563 1009 597 1064 et
631 1000 672 1065 de
705 1003 792 1066 omni
828 1003 971 1080 murdro,
997 1003 1116 1067 auxilio
1148 1003 1386 1080 vicecomitum,
1415 1003 1488 1066 visu

289 1100 390 1165 iranci
409 1101 518 1186 plegii,
533 1111 567 1166 et
580 1103 744 1184 theloneo,
759 1113 793 1168 et
807 1104 897 1168 omni
911 1104 973 1168 alia
987 1105 1222 1170 consuetudine
1238 1115 1271 1170 et
1285 1105 1487 1191 prcstacione

288 1204 396 1288 regali.

331 1307 377 1371 Et
392 1328 456 1391 quo
471 1317 614 1372 warento
630 1308 747 1374 clamat
760 1310 795 1373 in
811 1309 963 1374 omnibus
977 1309 1082 1375 feodis
1106 1310 1174 1375 suis
1189 1310 1308 1396 placita
1322 1311 1362 1375 de
1378 1311 1487 1376 namio

286 1409 400 1488 vetito,
415 1420 449 1474 et
462 1409 581 1476 habere
599 1412 847 1477 amerciamenta
868 1412 1039 1477 hominum
1066 1434 1198 1476 suorum
1215 1434 1277 1497 que
1292 1434 1332 1476 ex
1356 1414 1487 1478 murdro

287 1513 484 1595 proveniunt
509 1524 597 1578 etex
620 1515 709 1578 omni
731 1515 793 1578 alia
818 1513 1082 1599 transgressione,
1098 1513 1212 1577 catalla
1235 1513 1390 1592 selonum,
1404 1513 1487 1598 fugi-

287 1637 403 1679 vorum
415 1625 449 1679 et
459 1615 708 1700 dampnatorum
722 1617 757 1680 in
778 1617 911 1695 eisdem,
927 1626 961 1681 et
972 1624 1130 1680 extractas
1143 1614 1349 1697 (debitorum)
1364 1615 1487 1679 domini

288 1718 371 1802 regis
383 1717 589 1802 colligendas,
600 1727 634 1783 et
645 1719 685 1782 ad
697 1720 960 1804 respondendum
976 1719 1016 1784 de
1031 1718 1154 1783 eisdem
1170 1716 1287 1782 debitis
1298 1738 1357 1802 per
1371 1737 1487 1781 manus

290 1843 364 1885 suas
379 1821 527 1907 proprias
542 1822 581 1886 ad
599 1824 792 1888 scaccarium
808 1823 932 1888 domini
946 1821 1042 1907 regis.

216 1971 225 1988 .
332 1923 378 1988 Et
392 1922 493 1987 abbas
507 1923 607 1988 venit.
652 1925 699 1988 Et
707 1946 772 2009 quo
783 1924 824 1988 ad
836 1925 951 2003 furcas,
965 1925 1106 1989 wrelrum
1118 1923 1226 2002 maris,
1235 1931 1402 1988 rotumum
1414 1922 1488 1989 bre-

287 2025 378 2088 vium
404 2023 528 2088 domini
552 2025 647 2110 regis,
669 2025 788 2110 placita
812 2027 853 2090 de
877 2027 986 2091 namio
1013 2025 1126 2105 vetito,
1152 2034 1186 2091 et
1210 2025 1364 2090 emendas
1387 2025 1487 2090 assise

287 2125 381 2211 panis
401 2135 435 2190 et
449 2125 583 2190 cervisie
598 2126 697 2191 fracte
708 2126 741 2190 in
757 2128 851 2192 terris
868 2126 934 2192 suis
950 2128 992 2192 de
1008 2126 1279 2206 Gosebercbirlre,
1292 2128 1488 2193 Quadhave-

286 2228 388 2312 ringo,
398 2226 573 2312 dicitquod
585 2227 702 2292 clamat
712 2231 866 2294 emendas
876 2229 970 2315 panis
985 2239 1019 2294 et
1033 2229 1167 2294 cervisie
1181 2229 1303 2312 (fracte)
1318 2229 1359 2294 de
1373 2239 1488 2293 tenen·

286 2329 375 2394 tibus
388 2329 454 2394 suis
472 2329 593 2394 ibidem
610 2329 651 2394 ab
666 2332 811 2416 antiquo.
841 2333 887 2396 Et
902 2331 1018 2416 quoad
1034 2330 1112 2394 alias
1126 2329 1292 2395 libertates
1307 2329 1488 2416 dicitquod

288 2431 405 2495 clamat
417 2431 489 2495 illas
503 2452 562 2516 per
576 2441 697 2496 cartam
720 2431 844 2496 domini
861 2432 996 2496 Henrici
1018 2433 1114 2519 regis,
1139 2432 1239 2517 patris
1255 2432 1378 2496 domini
1403 2432 1488 2517 regis

288 2558 387 2615 nunc,
416 2559 513 2622 quam
539 2536 674 2621 profert,
701 2546 821 2621 etque
847 2536 910 2600 hoc
935 2537 1022 2600 idem
1049 2545 1196 2600 testatur.
1252 2536 1377 2600 Datum
1401 2536 1488 2621 apud

288 2637 628 2717 westmonasterium,
643 2659 698 2702 xv.
721 2638 773 2702 die
789 2638 878 2720 May,
893 2661 979 2703 anno
994 2638 1084 2723 mgni
1100 2639 1170 2723 ejus
1187 2637 1291 2703 liiiiw.

332 2738 377 2803 Et
388 2761 453 2823 quo
468 2739 509 2802 ad
527 2761 641 2804 omnes
656 2738 821 2806 libertates
837 2741 871 2803 in
887 2739 1080 2804 Fislrertona
1095 2739 1173 2804 dicit
1188 2739 1276 2825 quod
1296 2739 1414 2804 clamat
1434 2761 1488 2803 eas

288 2864 347 2928 per
368 2843 504 2907 eandem
524 2854 655 2922 cartam,
670 2853 778 2928 preter
788 2842 922 2908 liberam
937 2865 1120 2908 warennam
1139 2844 1195 2926 (et)
1213 2843 1366 2907 emendas
1387 2843 1488 2907 assiae

288 2945 422 3010 cervisie
436 2947 547 3026 fracte,
562 2969 642 3032 quas
657 2947 775 3011 clamat
789 2946 830 3011 ab
846 2947 999 3032 antiqu03
1022 2955 1056 3010 et
1075 2968 1140 3031 quo
1155 2945 1197 3009 ad
1211 2946 1365 3010 emendas
1387 2946 1489 3010 assise

287 3045 381 3131 panis
395 3047 495 3111 fracte
517 3045 638 3112 ibidem
654 3047 733 3112 dicit
747 3048 836 3133 quod
851 3048 932 3111 nihil
952 3048 1070 3112 clamat
1086 3047 1126 3112 de
1150 3047 1294 3126 eisdem3
1314 3057 1347 3112 et
1362 3068 1427 3131 quo
1447 3048 1489 3111 ad

287 3147 422 3212 liberam
447 3170 630 3213 warennam
653 3148 774 3214 ibidem
799 3149 991 3234 dicitquod
1016 3150 1134 3214 clamat
1156 3149 1245 3214 illam
1270 3150 1305 3214 in
1335 3148 1488 3214 omnibus

287 3251 458 3318 dominicis
481 3252 574 3317 terris
604 3251 671 3316 suis
700 3251 822 3318 ibidem
851 3273 909 3337 per
937 3261 1058 3316 cartam
1082 3252 1206 3316 domini
1232 3253 1316 3338 regis
1343 3252 1488 3332 Henrioi,

287 3355 388 3441 patris
404 3354 527 3419 domini
542 3353 625 3440 regis
648 3376 746 3434 nunc,
762 3377 859 3440 quam
873 3355 1006 3440 profert,
1018 3363 1052 3418 et
1066 3377 1129 3440 que
1144 3363 1283 3419 testatur
1299 3355 1387 3440 quod
1401 3355 1489 3420 idem

289 3457 451 3522 Henricus
473 3477 529 3520 rex
553 3455 714 3522 concessit
737 3465 771 3520 et
796 3465 882 3520 carta
906 3477 964 3519 sua
992 3454 1196 3520 confirmavit
1221 3454 1330 3520 abbati
1356 3467 1390 3522 et
1411 3477 1489 3522 oon·

287 3559 401 3624 ventui
420 3559 460 3624 de
476 3560 586 3644 Burgo
601 3559 705 3624 sancti
721 3558 818 3638 Petri,
834 3559 920 3644 quod
939 3559 1004 3645 ipsi
1023 3569 1058 3624 et
1082 3581 1197 3624 omnes
1212 3581 1415 3625 successores
1438 3559 1490 3624 sui

288 3663 517 3748 inperpetuum
541 3661 683 3727 habeant
708 3661 843 3727 liberam
868 3683 1051 3726 warennam
1080 3661 1115 3726 in
1141 3661 1294 3727 omnibus
1319 3662 1489 3727 dominicis

69 3763 382 3834 Udlwvi'iffiterris
399 3770 413 3844 l
428 3763 495 3827 suis
526 3764 567 3828 de
592 3763 797 3842 Fislrertona,
823 3763 967 3842 Scotere,
997 3773 1032 3828 et
1060 3762 1229 3828 Walecote
1258 3772 1320 3828 etc.
1364 3764 1489 3828 Datum

289 3866 376 3952 apud
390 3865 721 3931 westmonasterium
738 3865 814 3930 orvi.
830 3864 882 3930 die
898 3863 1064 3944 Octobris,
1079 3887 1166 3929 anno
1181 3865 1272 3950 regni
1287 3865 1339 3929 sui
1354 3869 1489 3929 .xxxv‘⁰.

333 3969 378 4032 Et
401 3990 466 4055 quo
489 3970 607 4035 adhoc
627 3970 715 4055 quod
738 3991 806 4034 non
830 3967 992 4053 permittit
1005 3969 1143 4033 villanos
1164 3989 1241 4033 suos
1263 3969 1304 4033 de
1328 3967 1490 4033 Goseber·

289 4071 410 4150 chirlre,
433 4072 703 4158 Quadhaveringe
729 4081 763 4138 et
785 4071 1000 4156 Duningtona
1024 4071 1129 4137 iacere
1154 4081 1275 4137 sectam
1297 4071 1339 4136 ad
1362 4092 1490 4156 wapen-
