3938 5022
690 642 904 688 onnonrcorv
922 643 1250 689 rnrnoaunonrvsn.
1533 629 1574 700 87

370 793 548 878 apostolica
570 794 704 879 gravati,
719 815 778 880 per
792 815 852 860 vos
867 795 918 860 vel
934 816 992 880 per
1012 795 1111 860 alium
1129 817 1185 860 seu
1211 817 1271 880 per
1296 796 1377 860 alios
1405 796 1575 882 providere

369 897 560 982 procuretis,
572 897 764 963 inducentes
779 920 832 963 me
847 899 881 962 in
893 899 1094 984 corporalem
1106 900 1348 986 possessionem
1358 900 1461 985 ipsius
1476 899 1576 966 bene·

369 999 433 1063 ficii
462 1009 497 1063 et
536 998 747 1064 defendentes
780 1000 962 1064 inductum.
1020 1001 1171 1087 Cumque
1208 1001 1343 1066 ecclesia
1382 1002 1577 1086 parochialis

370 1101 411 1166 (10
432 1103 596 1188 Cloptona
625 1104 666 1166 ad
696 1103 856 1168 dictorum
883 1103 1010 1170 abbatis
1039 1114 1073 1169 et
1101 1113 1281 1170 conventus
1308 1105 1348 1169 de
1374 1106 1483 1190 Burgo
1510 1106 1574 1170 col-

370 1204 528 1270 lacionem
543 1227 602 1270 seu
616 1207 893 1290 presentacionem
918 1207 1045 1272 notorie
1071 1217 1222 1293 spectans
1238 1208 1279 1272 ad
1301 1230 1435 1293 presens
1450 1210 1490 1274 de
1502 1211 1575 1294 jure

369 1317 462 1373 vacet
478 1318 512 1373 et
527 1309 567 1373 de
582 1308 679 1386 facto,
695 1329 758 1394 que
773 1308 908 1374 ecclesia
922 1318 1112 1394 competens
1128 1309 1192 1374 dici
1215 1319 1326 1394 potest
1351 1309 1451 1373 michi
1476 1309 1575 1374 bene-

369 1410 477 1474 ficium
493 1419 527 1474 et
541 1411 638 1475 estin
653 1431 780 1489 occasu,
791 1411 876 1474 facta
890 1433 1019 1496 perros
1034 1411 1249 1497 inquisicione
1264 1411 1409 1497 predicta
1422 1412 1456 1475 in
1472 1413 1577 1477 forma

368 1513 462 1577 vobis
486 1513 690 1591 demandata,
705 1522 804 1597 prout
817 1512 912 1577 vobis
938 1523 1068 1578 constat
1081 1514 1238 1599 legittime
1262 1514 1362 1578 nichil
1382 1515 1573 1578 canonicum

370 1615 469 1679 michi
485 1623 689 1699 compertum
704 1614 873 1694 obsistere,
889 1615 1012 1680 scilicet
1027 1617 1119 1700 cujus
1134 1625 1286 1701 pretextu
1301 1617 1425 1700 prefate
1441 1617 1576 1681 ecclesie

369 1715 590 1802 provisionem
626 1715 731 1796 vobis,
755 1715 856 1781 immo
879 1717 988 1782 verius
1013 1717 1146 1782 domino
1170 1740 1266 1803 pape,
1288 1718 1488 1796 reservastis,
1519 1719 1574 1783 de-

370 1829 538 1884 cernentes
559 1819 714 1906 quicquid
736 1829 849 1884 contra
870 1820 933 1885 hoc
955 1829 1065 1884 actum
1091 1819 1188 1884 fuerit
1212 1819 1340 1883 irritum
1356 1827 1390 1884 et
1403 1819 1510 1899 inane,
1524 1821 1575 1884 in-

369 1922 519 1986 hibentes
541 1922 664 1987 eisdem
679 1921 789 1988 abbati
804 1933 838 1987 et
852 1922 1026 1987 conventui
1042 1944 1083 1987 ne
1109 1932 1222 1986 contra
1247 1921 1436 2007 hujusmodi
1452 1923 1573 1986 lactum

369 2035 515 2092 vestrum
541 2025 661 2110 aliquid
686 2047 745 2111 per
769 2047 804 2090 se
829 2026 881 2090 vel
905 2047 963 2111 per
977 2025 1076 2088 alium
1096 2034 1292 2110 attemptent
1314 2024 1366 2088 vel
1388 2026 1574 2112 attemptari

370 2129 490 2194 faciant
514 2130 744 2214 quoquomodo
773 2129 809 2193 in
849 2129 1029 2194 elusionem
1054 2129 1199 2194 mandati
1224 2128 1394 2214 apostolici
1418 2151 1476 2194 seu
1501 2151 1574 2215 pre-

366 2233 525 2319 judicium
541 2233 773 2298 rescrvacionis
788 2242 896 2297 vestre
910 2233 962 2298 vel
974 2232 1094 2297 decreti
1111 2233 1298 2318 supradicti.
1343 2235 1452 2301 Quare
1467 2234 1575 2299 humi·

369 2337 443 2400 liter
456 2344 532 2420 peto
548 2356 607 2419 ego
623 2335 730 2398 dictus
745 2356 869 2420 pauper
883 2335 1018 2399 clericus
1042 2344 1076 2398 et
1100 2335 1261 2398 instanter
1287 2335 1368 2398 mihi
1394 2336 1573 2400 secundum

370 2440 521 2518 formam,
545 2447 706 2517 naturam,
726 2437 793 2500 vim
819 2446 854 2501 et
878 2437 1031 2501 effectum
1053 2437 1178 2521 prefate
1202 2437 1309 2502 littere
1331 2437 1509 2522 provisorie
1532 2439 1574 2504 (10

370 2542 493 2626 prefata
507 2539 642 2604 ecclesia
657 2540 698 2604 de
714 2539 879 2623 Cloptona
899 2539 1073 2623 provideri,
1100 2548 1134 2604 et
1157 2540 1257 2605 mein
1272 2541 1470 2626 corporalem
1497 2563 1574 2626 pos·

371 2644 549 2709 sessionem
564 2643 667 2728 ipsius
693 2643 827 2707 ecclesie
842 2663 973 2728 parvos
992 2642 1211 2708 venerabilem
1234 2653 1361 2729 patrem
1378 2644 1573 2730 predictum,

370 2757 468 2834 prout
482 2747 557 2812 facti
580 2747 717 2832 qualitas
743 2755 778 2811 et
792 2755 906 2810 natura
920 2747 1055 2832 requirit
1069 2746 1179 2812 induci
1194 2758 1228 2811 et
1247 2747 1377 2812 defendi
1392 2747 1573 2828 inductum,

370 2873 407 2915 ac
414 2849 545 2935 justicie
555 2850 830 2934 complementum
840 2848 939 2913 michi
953 2848 988 2911 in
1004 2848 1157 2914 omnibus
1172 2847 1315 2927 exiberi3
1339 2871 1406 2913 non
1422 2848 1574 2916 obstante

369 2953 599 3017 reclamacione
624 2952 750 3016 Thome
780 2951 919 3036 Deyvile
949 2952 990 3015 ad
1019 2951 1140 3016 dictam
1165 2951 1334 3016 ecclesiam
1363 2963 1440 3035 post
1471 2973 1573 3017 reser-

370 3055 537 3119 vacionem
552 3063 586 3118 et
600 3055 721 3118 decreti
735 3053 1021 3138 interposicionem
1048 3075 1085 3117 ac
1110 3053 1343 3117 inhibicionem
1359 3063 1484 3116 vestras
1499 3077 1572 3138 pre·

371 3159 485 3236 dictas,
501 3179 558 3220 seu
579 3156 664 3221 dicte
679 3157 785 3221 littere
811 3155 990 3240 provisorie
1016 3155 1255 3220 exhibicionem
1270 3153 1364 3219 vobis
1378 3155 1508 3234 factmn,
1530 3159 1573 3222 ad

370 3263 490 3326 dictam
505 3260 674 3325 eeclesiam
696 3259 801 3337 vobis,
826 3268 866 3323 ut
889 3258 1017 3337 dicitur,
1032 3257 1222 3343 presentati,
1237 3279 1298 3321 nec
1323 3256 1475 3322 obstante
1490 3283 1574 3344 quo-

370 3387 466 3452 quam
479 3365 540 3429 0110
552 3364 640 3450 quod
651 3363 685 3426 in
697 3363 761 3427 mei
772 3361 986 3448 prejudicium
995 3361 1048 3425 vel
1057 3361 1199 3425 mandati
1212 3361 1382 3447 apostolici
1392 3361 1571 3430 elusionem

369 3469 504 3535 fecerint
518 3467 618 3533 abbas
632 3477 667 3531 et
681 3475 863 3532 conventus
878 3465 1059 3530 memorati.

415 3574 495 3638 Post
517 3573 577 3637 lrec
602 3573 700 3636 irater
715 3569 900 3634 Willelmus
924 3568 965 3632 de
985 3567 1176 3649 Wodelord,
1203 3581 1393 3654 procurator
1411 3569 1573 3638 dictorum

370 3675 495 3740 abbatis
510 3685 544 3741 et
558 3685 751 3754 conventus,
762 3673 905 3759 porrexit
914 3693 1023 3736 coram
1036 3672 1168 3736 domino
1180 3673 1335 3759 episcopo
1348 3674 1504 3758 quasdam
1515 3697 1572 3740 ex-

371 3781 539 3864 cepciones
548 3789 615 3843 tam
628 3788 740 3843 contra
754 3798 927 3862 personam
937 3775 1015 3840 dicti
1025 3775 1181 3840 Willelmi
1193 3777 1356 3862 Campiun
1367 3799 1465 3862 quam
1474 3779 1571 3844 etiam

371 3891 482 3946 contra
496 3881 715 3964 provisionem
725 3901 822 3964 quam
837 3879 1009 3964 episcopus
1026 3879 1066 3943 de
1081 3879 1216 3944 ecclesia
1231 3880 1271 3944 de
1288 3879 1451 3965 Cloptona
1466 3881 1572 3945 eidem

370 3983 474 4045 facere
488 3982 686 4047 intendebat.
732 3981 805 4049 (lue
829 3982 960 4067 quidem
987 3983 1195 4067 exceptiones
1212 3993 1367 4047 notantur
1382 4005 1480 4068 supra
1493 3985 1572 4048 folio

371 4083 510 4168 septimo
539 4086 743 4168 precedente,
772 4085 813 4150 de
842 4083 961 4170 quibus
985 4085 1138 4151 omnibus
1167 4095 1202 4151 et
1227 4087 1361 4172 singulis
1391 4088 1572 4172 prenotatis

371 4188 491 4251 lactum
508 4195 559 4251 est
573 4187 737 4272 quoddam
753 4190 1010 4268 memorandum,
1026 4189 1087 4254 sub
1102 4191 1346 4255 1100101100(-
