<?xml version="1.0" encoding="UTF-8"?>
<!DOCTYPE html PUBLIC "-//W3C//DTD XHTML 1.0 Transitional//EN"
    "http://www.w3.org/TR/xhtml1/DTD/xhtml1-transitional.dtd">
<html xmlns="http://www.w3.org/1999/xhtml" xml:lang="en" lang="en">
 <head>
  <title>
</title>
<meta http-equiv="Content-Type" content="text/html;charset=utf-8" />
  <meta name='ocr-system' content='tesseract 3.04.00' />
  <meta name='ocr-capabilities' content='ocr_page ocr_carea ocr_par ocr_line ocrx_word'/>
</head>
<body>
  <div class='ocr_page' id='page_1' title='image "./chroniconpetrob01brucgoog_0138.png"; bbox 0 0 3938 5022; ppageno 0'>
   <div class='ocr_carea' id='block_1_1' title="bbox 0 0 4 651">
    <p class='ocr_par' dir='ltr' id='par_1_1' title="bbox 0 0 4 651">
     <span class='ocr_line' id='line_1_1' title="bbox 0 0 4 651; baseline 0 0"><span class='ocrx_word' id='word_1_1' title='bbox 0 0 4 651; x_wconf 95' lang='lat' dir='ltr'><strong> </strong></span> 
     </span>
    </p>
   </div>
   <div class='ocr_carea' id='block_1_2' title="bbox 194 2467 379 2534">
    <p class='ocr_par' dir='ltr' id='par_1_2' title="bbox 194 2467 379 2534">
     <span class='ocr_line' id='line_1_2' title="bbox 194 2467 379 2534; baseline 0.011 -17"><span class='ocrx_word' id='word_1_2' title='bbox 194 2467 379 2534; x_wconf 54' lang='lat' dir='ltr'><strong>(sozusae.)</strong></span> 
     </span>
    </p>
   </div>
   <div class='ocr_carea' id='block_1_3' title="bbox 193 2561 392 2608">
    <p class='ocr_par' dir='ltr' id='par_1_3' title="bbox 193 2561 392 2608">
     <span class='ocr_line' id='line_1_3' title="bbox 193 2561 392 2608; baseline 0.01 -2"><span class='ocrx_word' id='word_1_3' title='bbox 193 2561 224 2606; x_wconf 90' lang='lat' dir='ltr'><strong>In</strong></span> <span class='ocrx_word' id='word_1_4' title='bbox 235 2561 320 2608; x_wconf 83' lang='lat' dir='ltr'><strong>itinere</strong></span> <span class='ocrx_word' id='word_1_5' title='bbox 332 2561 392 2608; x_wconf 85' lang='lat' dir='ltr'><strong>Nor-</strong></span> 
     </span>
    </p>
   </div>
   <div class='ocr_carea' id='block_1_4' title="bbox 193 2625 378 2802">
    <p class='ocr_par' dir='ltr' id='par_1_4' title="bbox 193 2625 378 2802">
     <span class='ocr_line' id='line_1_4' title="bbox 194 2625 322 2674; baseline 0.023 -4"><span class='ocrx_word' id='word_1_6' title='bbox 194 2625 322 2674; x_wconf 76' lang='lat' dir='ltr'><strong>hamtonia</strong></span> 
     </span>
     <span class='ocr_line' id='line_1_5' title="bbox 193 2690 376 2736; baseline 0 0"><span class='ocrx_word' id='word_1_7' title='bbox 193 2690 266 2736; x_wconf 83' lang='lat' dir='ltr'><strong>Anno</strong></span> <span class='ocrx_word' id='word_1_8' title='bbox 278 2691 376 2736; x_wconf 87' lang='lat' dir='ltr'>Domini</span> 
     </span>
     <span class='ocr_line' id='line_1_6' title="bbox 193 2754 378 2802; baseline 0.005 -2"><span class='ocrx_word' id='word_1_9' title='bbox 193 2754 295 2802; x_wconf 76' lang='lat' dir='ltr'><strong>M⁰.e⁰o⁰.</strong></span> <span class='ocrx_word' id='word_1_10' title='bbox 307 2754 378 2801; x_wconf 75' lang='lat' dir='ltr'><strong>Octa·</strong></span> 
     </span>
    </p>
   </div>
   <div class='ocr_carea' id='block_1_5' title="bbox 191 2819 383 2880">
    <p class='ocr_par' dir='ltr' id='par_1_5' title="bbox 191 2819 383 2880">
     <span class='ocr_line' id='line_1_7' title="bbox 191 2819 383 2880; baseline 0.016 -16"><span class='ocrx_word' id='word_1_11' title='bbox 191 2819 281 2880; x_wconf 75' lang='lat' dir='ltr'><strong>gesimo</strong></span> <span class='ocrx_word' id='word_1_12' title='bbox 292 2820 383 2879; x_wconf 87' lang='lat' dir='ltr'><strong>quinto.</strong></span> 
     </span>
    </p>
   </div>
   <div class='ocr_carea' id='block_1_6' title="bbox 424 623 1308 688">
    <p class='ocr_par' dir='ltr' id='par_1_6' title="bbox 424 623 1308 688">
     <span class='ocr_line' id='line_1_8' title="bbox 424 623 1308 688; baseline 0.006 -6"><span class='ocrx_word' id='word_1_13' title='bbox 424 623 486 683; x_wconf 86' lang='lat'><strong>118</strong></span> <span class='ocrx_word' id='word_1_14' title='bbox 742 641 956 688; x_wconf 74' lang='lat' dir='ltr'><strong>canonicos</strong></span> <span class='ocrx_word' id='word_1_15' title='bbox 981 641 1308 687; x_wconf 80' lang='lat' dir='ltr'><strong>rnraonuaonnsn.</strong></span> 
     </span>
    </p>
   </div>
   <div class='ocr_carea' id='block_1_7' title="bbox 416 791 1659 2935">
    <p class='ocr_par' dir='ltr' id='par_1_7' title="bbox 419 791 1621 1392">
     <span class='ocr_line' id='line_1_9' title="bbox 421 791 1621 880; baseline 0.003 -24"><span class='ocrx_word' id='word_1_16' title='bbox 421 791 667 877; x_wconf 80' lang='lat' dir='ltr'><strong>predecessores</strong></span> <span class='ocrx_word' id='word_1_17' title='bbox 683 793 733 856; x_wconf 89' lang='lat' dir='ltr'><strong>sui</strong></span> <span class='ocrx_word' id='word_1_18' title='bbox 749 792 858 858; x_wconf 86' lang='lat' dir='ltr'><strong>debita</strong></span> <span class='ocrx_word' id='word_1_19' title='bbox 872 793 1061 880; x_wconf 85' lang='lat' dir='ltr'><strong>hujusmodi</strong></span> <span class='ocrx_word' id='word_1_20' title='bbox 1075 795 1181 860; x_wconf 87' lang='lat' dir='ltr'><strong>levare</strong></span> <span class='ocrx_word' id='word_1_21' title='bbox 1196 803 1229 857; x_wconf 90' lang='lat' dir='ltr'><strong>et</strong></span> <span class='ocrx_word' id='word_1_22' title='bbox 1244 793 1320 857; x_wconf 92' lang='lat' dir='ltr'><strong>inde</strong></span> <span class='ocrx_word' id='word_1_23' title='bbox 1334 793 1534 878; x_wconf 89' lang='lat' dir='ltr'><strong>respondere</strong></span> <span class='ocrx_word' id='word_1_24' title='bbox 1543 817 1621 859; x_wconf 89' lang='lat' dir='ltr'><strong>con-</strong></span> 
     </span>
     <span class='ocr_line' id='line_1_10' title="bbox 420 896 1621 984; baseline 0.004 -26"><span class='ocrx_word' id='word_1_25' title='bbox 420 905 607 975; x_wconf 90' lang='lat' dir='ltr'><strong>sueverunt,</strong></span> <span class='ocrx_word' id='word_1_26' title='bbox 621 896 727 960; x_wconf 82' lang='lat' dir='ltr'><strong>levare</strong></span> <span class='ocrx_word' id='word_1_27' title='bbox 742 907 776 962; x_wconf 89' lang='lat' dir='ltr'><strong>et</strong></span> <span class='ocrx_word' id='word_1_28' title='bbox 790 896 886 962; x_wconf 89' lang='lat' dir='ltr'><strong>nobis</strong></span> <span class='ocrx_word' id='word_1_29' title='bbox 900 898 978 963; x_wconf 90' lang='lat' dir='ltr'><strong>inde</strong></span> <span class='ocrx_word' id='word_1_30' title='bbox 992 898 1188 984; x_wconf 90' lang='lat' dir='ltr'><strong>respondere</strong></span> <span class='ocrx_word' id='word_1_31' title='bbox 1203 919 1270 961; x_wconf 95' lang='lat' dir='ltr'><strong>non</strong></span> <span class='ocrx_word' id='word_1_32' title='bbox 1285 897 1456 981; x_wconf 90' lang='lat' dir='ltr'><strong>permittit,</strong></span> <span class='ocrx_word' id='word_1_33' title='bbox 1471 898 1504 960; x_wconf 90' lang='lat' dir='ltr'><strong>in</strong></span> <span class='ocrx_word' id='word_1_34' title='bbox 1516 898 1621 983; x_wconf 87' lang='lat' dir='ltr'><strong>ipsius</strong></span> 
     </span>
     <span class='ocr_line' id='line_1_11' title="bbox 420 994 1621 1086; baseline 0.004 -27"><span class='ocrx_word' id='word_1_35' title='bbox 420 994 546 1061; x_wconf 88' lang='lat' dir='ltr'><strong>abbatis</strong></span> <span class='ocrx_word' id='word_1_36' title='bbox 568 1007 603 1062; x_wconf 92' lang='lat' dir='ltr'><strong>et</strong></span> <span class='ocrx_word' id='word_1_37' title='bbox 617 998 750 1063; x_wconf 84' lang='lat' dir='ltr'><strong>ecclesie</strong></span> <span class='ocrx_word' id='word_1_38' title='bbox 771 1021 828 1064; x_wconf 81' lang='lat' dir='ltr'><strong>sue</strong></span> <span class='ocrx_word' id='word_1_39' title='bbox 844 1001 948 1065; x_wconf 89' lang='lat' dir='ltr'><strong>sancti</strong></span> <span class='ocrx_word' id='word_1_40' title='bbox 972 1001 1061 1066; x_wconf 91' lang='lat' dir='ltr'><strong>Petri</strong></span> <span class='ocrx_word' id='word_1_41' title='bbox 1082 1001 1123 1064; x_wconf 92' lang='lat' dir='ltr'><strong>de</strong></span> <span class='ocrx_word' id='word_1_42' title='bbox 1139 1001 1248 1084; x_wconf 86' lang='lat' dir='ltr'><strong>Burgo</strong></span> <span class='ocrx_word' id='word_1_43' title='bbox 1265 1000 1368 1064; x_wconf 88' lang='lat' dir='ltr'><strong>sancti</strong></span> <span class='ocrx_word' id='word_1_44' title='bbox 1388 1000 1475 1064; x_wconf 89' lang='lat' dir='ltr'><strong>Petri</strong></span> <span class='ocrx_word' id='word_1_45' title='bbox 1490 1001 1621 1086; x_wconf 90' lang='lat' dir='ltr'><strong>dispen-</strong></span> 
     </span>
     <span class='ocr_line' id='line_1_12' title="bbox 420 1099 1620 1184; baseline 0.006 -22"><span class='ocrx_word' id='word_1_46' title='bbox 420 1099 510 1163; x_wconf 91' lang='lat' dir='ltr'>dium</span> <span class='ocrx_word' id='word_1_47' title='bbox 526 1121 592 1164; x_wconf 93' lang='lat' dir='ltr'><strong>non</strong></span> <span class='ocrx_word' id='word_1_48' title='bbox 608 1101 773 1166; x_wconf 87' lang='lat' dir='ltr'><strong>modicum</strong></span> <span class='ocrx_word' id='word_1_49' title='bbox 785 1113 819 1168; x_wconf 89' lang='lat' dir='ltr'><strong>et</strong></span> <span class='ocrx_word' id='word_1_50' title='bbox 833 1101 992 1168; x_wconf 79' lang='lat' dir='ltr'><strong>libertatis</strong></span> <span class='ocrx_word' id='word_1_51' title='bbox 1008 1125 1065 1168; x_wconf 89' lang='lat' dir='ltr'><strong>sue</strong></span> <span class='ocrx_word' id='word_1_52' title='bbox 1080 1103 1237 1168; x_wconf 83' lang='lat' dir='ltr'><strong>lesionem</strong></span> <span class='ocrx_word' id='word_1_53' title='bbox 1253 1103 1471 1184; x_wconf 81' lang='lat' dir='ltr'><strong>manifestem,</strong></span> <span class='ocrx_word' id='word_1_54' title='bbox 1482 1113 1521 1167; x_wconf 92' lang='lat' dir='ltr'><strong>ut</strong></span> <span class='ocrx_word' id='word_1_55' title='bbox 1531 1103 1620 1170; x_wconf 91' lang='lat' dir='ltr'><strong>dicit.</strong></span> 
     </span>
     <span class='ocr_line' id='line_1_13' title="bbox 420 1201 1621 1291; baseline 0.004 -26"><span class='ocrx_word' id='word_1_56' title='bbox 420 1201 466 1264; x_wconf 89' lang='lat' dir='ltr'><strong>Et</strong></span> <span class='ocrx_word' id='word_1_57' title='bbox 480 1201 600 1267; x_wconf 89' lang='lat' dir='ltr'><strong>habeas</strong></span> <span class='ocrx_word' id='word_1_58' title='bbox 614 1202 660 1267; x_wconf 94' lang='lat' dir='ltr'><strong>ibi</strong></span> <span class='ocrx_word' id='word_1_59' title='bbox 676 1205 968 1270; x_wconf 90' lang='lat' dir='ltr'><strong>summonieionem</strong></span> <span class='ocrx_word' id='word_1_60' title='bbox 985 1215 1021 1270; x_wconf 87' lang='lat' dir='ltr'><strong>et&#39;</strong></span> <span class='ocrx_word' id='word_1_61' title='bbox 1031 1205 1095 1268; x_wconf 89' lang='lat' dir='ltr'><strong>hoo</strong></span> <span class='ocrx_word' id='word_1_62' title='bbox 1118 1203 1227 1268; x_wconf 86' lang='lat' dir='ltr'><strong>breve.</strong></span> <span class='ocrx_word' id='word_1_63' title='bbox 1270 1203 1370 1268; x_wconf 87' lang='lat' dir='ltr'><strong>Teste</strong></span> <span class='ocrx_word' id='word_1_64' title='bbox 1392 1205 1518 1290; x_wconf 91' lang='lat' dir='ltr'><strong>meipso</strong></span> <span class='ocrx_word' id='word_1_65' title='bbox 1533 1207 1621 1291; x_wconf 92' lang='lat' dir='ltr'><strong>apud</strong></span> 
     </span>
     <span class='ocr_line' id='line_1_14' title="bbox 419 1304 1608 1392; baseline 0.003 -24"><span class='ocrx_word' id='word_1_66' title='bbox 419 1304 549 1369; x_wconf 90' lang='lat' dir='ltr'><strong>Bellum</strong></span> <span class='ocrx_word' id='word_1_67' title='bbox 564 1305 691 1369; x_wconf 92' lang='lat' dir='ltr'><strong>Locum</strong></span> <span class='ocrx_word' id='word_1_68' title='bbox 707 1305 816 1391; x_wconf 85' lang='lat' dir='ltr'><strong>Regis,</strong></span> <span class='ocrx_word' id='word_1_69' title='bbox 831 1306 897 1371; x_wconf 87' lang='lat' dir='ltr'><strong>xvi.</strong></span> <span class='ocrx_word' id='word_1_70' title='bbox 912 1307 965 1372; x_wconf 92' lang='lat' dir='ltr'><strong>die</strong></span> <span class='ocrx_word' id='word_1_71' title='bbox 980 1304 1189 1386; x_wconf 90' lang='lat' dir='ltr'><strong>Novembris,</strong></span> <span class='ocrx_word' id='word_1_72' title='bbox 1203 1326 1289 1370; x_wconf 90' lang='lat' dir='ltr'><strong>anno</strong></span> <span class='ocrx_word' id='word_1_73' title='bbox 1305 1307 1396 1392; x_wconf 85' lang='lat' dir='ltr'><strong>regni</strong></span> <span class='ocrx_word' id='word_1_74' title='bbox 1411 1308 1515 1372; x_wconf 89' lang='lat' dir='ltr'><strong>nostri</strong></span> <span class='ocrx_word' id='word_1_75' title='bbox 1527 1309 1608 1373; x_wconf 55' lang='lat' dir='ltr'><strong>xiiis</strong></span> 
     </span>
    </p>

    <p class='ocr_par' dir='ltr' id='par_1_8' title="bbox 461 1407 1128 1476">
     <span class='ocr_line' id='line_1_15' title="bbox 461 1407 1128 1476; baseline 0 -2"><span class='ocrx_word' id='word_1_76' title='bbox 461 1409 571 1474; x_wconf 85' lang='lat' dir='ltr'><strong>Tenor</strong></span> <span class='ocrx_word' id='word_1_77' title='bbox 585 1407 694 1474; x_wconf 90' lang='lat' dir='ltr'><strong>brevis</strong></span> <span class='ocrx_word' id='word_1_78' title='bbox 709 1410 750 1474; x_wconf 87' lang='lat' dir='ltr'><strong>de</strong></span> <span class='ocrx_word' id='word_1_79' title='bbox 765 1419 899 1476; x_wconf 89' lang='lat' dir='ltr'><strong>retumo</strong></span> <span class='ocrx_word' id='word_1_80' title='bbox 913 1410 1062 1475; x_wconf 88' lang='lat' dir='ltr'><strong>brevium</strong></span> <span class='ocrx_word' id='word_1_81' title='bbox 1075 1433 1128 1473; x_wconf 76' lang='lat'><strong>2-</strong></span> 
     </span>
    </p>

    <p class='ocr_par' dir='ltr' id='par_1_9' title="bbox 416 1512 1659 2935">
     <span class='ocr_line' id='line_1_16' title="bbox 462 1512 1619 1598; baseline 0.003 -22"><span class='ocrx_word' id='word_1_82' title='bbox 462 1512 643 1577; x_wconf 84' lang='lat' dir='ltr'><strong>Edwardus</strong></span> <span class='ocrx_word' id='word_1_83' title='bbox 659 1513 722 1577; x_wconf 91' lang='lat' dir='ltr'><strong>Dei</strong></span> <span class='ocrx_word' id='word_1_84' title='bbox 736 1513 839 1598; x_wconf 84' lang='lat' dir='ltr'><strong>gratia</strong></span> <span class='ocrx_word' id='word_1_85' title='bbox 849 1525 911 1579; x_wconf 86' lang='lat' dir='ltr'><strong>eto.</strong></span> <span class='ocrx_word' id='word_1_86' title='bbox 922 1513 1102 1580; x_wconf 83' lang='lat' dir='ltr'><strong>vicecomiti</strong></span> <span class='ocrx_word' id='word_1_87' title='bbox 1113 1513 1352 1578; x_wconf 89' lang='lat' dir='ltr'><strong>Norbamtonie</strong></span> <span class='ocrx_word' id='word_1_88' title='bbox 1365 1522 1427 1577; x_wconf 87' lang='lat' dir='ltr'><strong>etc.</strong></span> <span class='ocrx_word' id='word_1_89' title='bbox 1473 1513 1508 1578; x_wconf 88' lang='lat' dir='ltr'><strong>si</strong></span> <span class='ocrx_word' id='word_1_90' title='bbox 1518 1514 1619 1580; x_wconf 86' lang='lat' dir='ltr'><strong>abbas</strong></span> 
     </span>
     <span class='ocr_line' id='line_1_17' title="bbox 418 1616 1620 1705; baseline 0.003 -25"><span class='ocrx_word' id='word_1_91' title='bbox 418 1617 459 1680; x_wconf 94' lang='lat' dir='ltr'><strong>de</strong></span> <span class='ocrx_word' id='word_1_92' title='bbox 475 1616 585 1702; x_wconf 87' lang='lat' dir='ltr'><strong>Burgo</strong></span> <span class='ocrx_word' id='word_1_93' title='bbox 601 1617 704 1683; x_wconf 90' lang='lat' dir='ltr'><strong>sancti</strong></span> <span class='ocrx_word' id='word_1_94' title='bbox 719 1618 806 1682; x_wconf 90' lang='lat' dir='ltr'><strong>Petri</strong></span> <span class='ocrx_word' id='word_1_95' title='bbox 820 1619 932 1683; x_wconf 84' lang='lat' dir='ltr'><strong>fecerit</strong></span> <span class='ocrx_word' id='word_1_96' title='bbox 951 1628 984 1682; x_wconf 90' lang='lat' dir='ltr'><strong>te</strong></span> <span class='ocrx_word' id='word_1_97' title='bbox 1000 1639 1148 1684; x_wconf 90' lang='lat' dir='ltr'><strong>securum</strong></span> <span class='ocrx_word' id='word_1_98' title='bbox 1163 1627 1225 1682; x_wconf 90' lang='lat' dir='ltr'><strong>etc.</strong></span> <span class='ocrx_word' id='word_1_99' title='bbox 1243 1626 1323 1681; x_wconf 90' lang='lat' dir='ltr'><strong>tuno</strong></span> <span class='ocrx_word' id='word_1_100' title='bbox 1338 1629 1545 1683; x_wconf 89' lang='lat' dir='ltr'><strong>summonete</strong></span> <span class='ocrx_word' id='word_1_101' title='bbox 1560 1639 1620 1705; x_wconf 90' lang='lat' dir='ltr'><strong>per</strong></span> 
     </span>
     <span class='ocr_line' id='line_1_18' title="bbox 417 1719 1619 1800; baseline 0.002 -16"><span class='ocrx_word' id='word_1_102' title='bbox 417 1719 523 1785; x_wconf 92' lang='lat' dir='ltr'><strong>bonos</strong></span> <span class='ocrx_word' id='word_1_103' title='bbox 540 1721 803 1800; x_wconf 89' lang='lat' dir='ltr'><strong>summonitores,</strong></span> <span class='ocrx_word' id='word_1_104' title='bbox 820 1720 1006 1786; x_wconf 88' lang='lat' dir='ltr'><strong>Gilbertum</strong></span> <span class='ocrx_word' id='word_1_105' title='bbox 1022 1722 1062 1786; x_wconf 92' lang='lat' dir='ltr'><strong>de</strong></span> <span class='ocrx_word' id='word_1_106' title='bbox 1079 1721 1173 1786; x_wconf 86' lang='lat' dir='ltr'><strong>Clare</strong></span> <span class='ocrx_word' id='word_1_107' title='bbox 1191 1719 1343 1785; x_wconf 90' lang='lat' dir='ltr'><strong>comitem</strong></span> <span class='ocrx_word' id='word_1_108' title='bbox 1360 1720 1565 1786; x_wconf 90' lang='lat' dir='ltr'><strong>Gloucestrie</strong></span> <span class='ocrx_word' id='word_1_109' title='bbox 1585 1731 1619 1787; x_wconf 94' lang='lat' dir='ltr'><strong>et</strong></span> 
     </span>
     <span class='ocr_line' id='line_1_19' title="bbox 419 1821 1618 1907; baseline 0.001 -21"><span class='ocrx_word' id='word_1_110' title='bbox 419 1823 619 1900; x_wconf 84' lang='lat' dir='ltr'><strong>Hertfordie‚</strong></span> <span class='ocrx_word' id='word_1_111' title='bbox 635 1822 724 1907; x_wconf 94' lang='lat' dir='ltr'><strong>quod</strong></span> <span class='ocrx_word' id='word_1_112' title='bbox 739 1823 782 1886; x_wconf 89' lang='lat' dir='ltr'><strong>sit</strong></span> <span class='ocrx_word' id='word_1_113' title='bbox 804 1844 912 1888; x_wconf 90' lang='lat' dir='ltr'><strong>coram</strong></span> <span class='ocrx_word' id='word_1_114' title='bbox 926 1823 1111 1907; x_wconf 82' lang='lat' dir='ltr'><strong>justiciariis</strong></span> <span class='ocrx_word' id='word_1_115' title='bbox 1126 1821 1248 1886; x_wconf 90' lang='lat' dir='ltr'><strong>nostris</strong></span> <span class='ocrx_word' id='word_1_116' title='bbox 1263 1821 1304 1885; x_wconf 91' lang='lat' dir='ltr'><strong>ad</strong></span> <span class='ocrx_word' id='word_1_117' title='bbox 1327 1821 1466 1905; x_wconf 91' lang='lat' dir='ltr'><strong>primam</strong></span> <span class='ocrx_word' id='word_1_118' title='bbox 1482 1822 1618 1888; x_wconf 76' lang='lat' dir='ltr'><strong>assisam</strong></span> 
     </span>
     <span class='ocr_line' id='line_1_20' title="bbox 418 1923 1659 2008; baseline 0.002 -20"><span class='ocrx_word' id='word_1_119' title='bbox 418 1933 479 1988; x_wconf 89' lang='lat' dir='ltr'><strong>etc.</strong></span> <span class='ocrx_word' id='word_1_120' title='bbox 497 1933 688 1988; x_wconf 89' lang='lat' dir='ltr'><strong>ostensurus</strong></span> <span class='ocrx_word' id='word_1_121' title='bbox 703 1944 801 2008; x_wconf 92' lang='lat' dir='ltr'><strong>quare</strong></span> <span class='ocrx_word' id='word_1_122' title='bbox 817 1945 891 1987; x_wconf 91' lang='lat' dir='ltr'><strong>cum</strong></span> <span class='ocrx_word' id='word_1_123' title='bbox 917 1923 1004 1988; x_wconf 91' lang='lat' dir='ltr'><strong>idem</strong></span> <span class='ocrx_word' id='word_1_124' title='bbox 1024 1923 1124 1988; x_wconf 90' lang='lat' dir='ltr'><strong>abbas</strong></span> <span class='ocrx_word' id='word_1_125' title='bbox 1139 1924 1268 1988; x_wconf 85' lang='lat' dir='ltr'><strong>racione</strong></span> <span class='ocrx_word' id='word_1_126' title='bbox 1283 1933 1358 1987; x_wconf 92' lang='lat' dir='ltr'><strong>octo</strong></span> <span class='ocrx_word' id='word_1_127' title='bbox 1372 1923 1617 1990; x_wconf 86' lang='lat' dir='ltr'><strong>hundredorum</strong></span> <span class='ocrx_word' id='word_1_128' title='bbox 1656 1977 1659 1982; x_wconf 92' lang='lat'>.</span> 
     </span>
     <span class='ocr_line' id='line_1_21' title="bbox 418 2025 1618 2113; baseline 0.002 -22"><span class='ocrx_word' id='word_1_129' title='bbox 418 2049 549 2091; x_wconf 91' lang='lat' dir='ltr'><strong>suorum</strong></span> <span class='ocrx_word' id='word_1_130' title='bbox 577 2048 640 2111; x_wconf 91' lang='lat' dir='ltr'><strong>que</strong></span> <span class='ocrx_word' id='word_1_131' title='bbox 663 2025 698 2089; x_wconf 92' lang='lat' dir='ltr'><strong>in</strong></span> <span class='ocrx_word' id='word_1_132' title='bbox 721 2026 878 2090; x_wconf 82' lang='lat' dir='ltr'><strong>comitatu</strong></span> <span class='ocrx_word' id='word_1_133' title='bbox 899 2027 1045 2111; x_wconf 87' lang='lat' dir='ltr'><strong>predicto</strong></span> <span class='ocrx_word' id='word_1_134' title='bbox 1072 2027 1112 2091; x_wconf 93' lang='lat' dir='ltr'><strong>de</strong></span> <span class='ocrx_word' id='word_1_135' title='bbox 1135 2025 1231 2091; x_wconf 89' lang='lat' dir='ltr'><strong>nobis</strong></span> <span class='ocrx_word' id='word_1_136' title='bbox 1254 2037 1346 2092; x_wconf 92' lang='lat' dir='ltr'><strong>tenet</strong></span> <span class='ocrx_word' id='word_1_137' title='bbox 1370 2028 1403 2090; x_wconf 92' lang='lat' dir='ltr'><strong>in</strong></span> <span class='ocrx_word' id='word_1_138' title='bbox 1427 2028 1542 2113; x_wconf 90' lang='lat' dir='ltr'><strong>capite,</strong></span> <span class='ocrx_word' id='word_1_139' title='bbox 1568 2051 1618 2094; x_wconf 89' lang='lat' dir='ltr'><strong>re·</strong></span> 
     </span>
     <span class='ocr_line' id='line_1_22' title="bbox 416 2129 1616 2198; baseline 0.003 -3"><span class='ocrx_word' id='word_1_140' title='bbox 416 2141 551 2195; x_wconf 90' lang='lat' dir='ltr'><strong>turnum</strong></span> <span class='ocrx_word' id='word_1_141' title='bbox 566 2130 713 2196; x_wconf 89' lang='lat' dir='ltr'><strong>omnium</strong></span> <span class='ocrx_word' id='word_1_142' title='bbox 727 2129 875 2194; x_wconf 84' lang='lat' dir='ltr'><strong>brevium</strong></span> <span class='ocrx_word' id='word_1_143' title='bbox 889 2141 1075 2195; x_wconf 88' lang='lat' dir='ltr'><strong>nostrorum</strong></span> <span class='ocrx_word' id='word_1_144' title='bbox 1090 2131 1273 2196; x_wconf 88' lang='lat' dir='ltr'><strong>libertatem</strong></span> <span class='ocrx_word' id='word_1_145' title='bbox 1285 2153 1377 2195; x_wconf 87' lang='lat' dir='ltr'><strong>suam</strong></span> <span class='ocrx_word' id='word_1_146' title='bbox 1392 2132 1428 2196; x_wconf 89' lang='lat' dir='ltr'><strong>in</strong></span> <span class='ocrx_word' id='word_1_147' title='bbox 1440 2131 1616 2198; x_wconf 87' lang='lat' dir='ltr'><strong>hundredis</strong></span> 
     </span>
     <span class='ocr_line' id='line_1_23' title="bbox 416 2233 1615 2320; baseline 0.001 -20"><span class='ocrx_word' id='word_1_148' title='bbox 416 2234 570 2320; x_wconf 87' lang='lat' dir='ltr'><strong>predictis</strong></span> <span class='ocrx_word' id='word_1_149' title='bbox 595 2233 802 2320; x_wconf 86' lang='lat' dir='ltr'><strong>tangencium</strong></span> <span class='ocrx_word' id='word_1_150' title='bbox 825 2234 944 2299; x_wconf 90' lang='lat' dir='ltr'><strong>habere</strong></span> <span class='ocrx_word' id='word_1_151' title='bbox 970 2243 1004 2298; x_wconf 93' lang='lat' dir='ltr'><strong>et</strong></span> <span class='ocrx_word' id='word_1_152' title='bbox 1029 2233 1240 2299; x_wconf 88' lang='lat' dir='ltr'><strong>execuciones</strong></span> <span class='ocrx_word' id='word_1_153' title='bbox 1265 2235 1443 2299; x_wconf 89' lang='lat' dir='ltr'><strong>eorundem</strong></span> <span class='ocrx_word' id='word_1_154' title='bbox 1468 2235 1615 2301; x_wconf 88' lang='lat' dir='ltr'><strong>brevium</strong></span> 
     </span>
     <span class='ocr_line' id='line_1_24' title="bbox 416 2335 1615 2422; baseline 0.002 -21"><span class='ocrx_word' id='word_1_155' title='bbox 416 2339 520 2403; x_wconf 86' lang='lat' dir='ltr'><strong>facere</strong></span> <span class='ocrx_word' id='word_1_156' title='bbox 535 2336 663 2416; x_wconf 89' lang='lat' dir='ltr'><strong>debeat,</strong></span> <span class='ocrx_word' id='word_1_157' title='bbox 687 2337 772 2402; x_wconf 91' lang='lat' dir='ltr'><strong>siout</strong></span> <span class='ocrx_word' id='word_1_158' title='bbox 794 2336 928 2402; x_wconf 84' lang='lat' dir='ltr'><strong>abbates</strong></span> <span class='ocrx_word' id='word_1_159' title='bbox 944 2337 984 2400; x_wconf 88' lang='lat' dir='ltr'><strong>de</strong></span> <span class='ocrx_word' id='word_1_160' title='bbox 1001 2336 1110 2422; x_wconf 87' lang='lat' dir='ltr'><strong>Burgo</strong></span> <span class='ocrx_word' id='word_1_161' title='bbox 1126 2335 1230 2400; x_wconf 88' lang='lat' dir='ltr'><strong>sancti</strong></span> <span class='ocrx_word' id='word_1_162' title='bbox 1256 2335 1344 2400; x_wconf 91' lang='lat' dir='ltr'><strong>Petri</strong></span> <span class='ocrx_word' id='word_1_163' title='bbox 1370 2336 1615 2421; x_wconf 89' lang='lat' dir='ltr'><strong>predecessores</strong></span> 
     </span>
     <span class='ocr_line' id='line_1_25' title="bbox 416 2438 1616 2526; baseline 0.001 -22"><span class='ocrx_word' id='word_1_164' title='bbox 416 2438 684 2525; x_wconf 86' lang='lat' dir='ltr'><strong>predictinbbatis</strong></span> <span class='ocrx_word' id='word_1_165' title='bbox 694 2461 752 2526; x_wconf 91' lang='lat' dir='ltr'><strong>per</strong></span> <span class='ocrx_word' id='word_1_166' title='bbox 761 2450 865 2504; x_wconf 87' lang='lat' dir='ltr'><strong>cartas</strong></span> <span class='ocrx_word' id='word_1_167' title='bbox 875 2439 1162 2525; x_wconf 69' lang='lat' dir='ltr'><strong>predecessorum!</strong></span> <span class='ocrx_word' id='word_1_168' title='bbox 1174 2447 1360 2502; x_wconf 90' lang='lat' dir='ltr'><strong>nostrorum</strong></span> <span class='ocrx_word' id='word_1_169' title='bbox 1372 2441 1616 2526; x_wconf 86' lang='lat' dir='ltr'><strong>regumAnglie,</strong></span> 
     </span>
     <span class='ocr_line' id='line_1_26' title="bbox 417 2541 1616 2628; baseline 0.002 -22"><span class='ocrx_word' id='word_1_170' title='bbox 417 2565 496 2628; x_wconf 86' lang='lat' dir='ltr'><strong>quas</strong></span> <span class='ocrx_word' id='word_1_171' title='bbox 510 2543 597 2606; x_wconf 90' lang='lat' dir='ltr'><strong>idem</strong></span> <span class='ocrx_word' id='word_1_172' title='bbox 613 2541 713 2605; x_wconf 89' lang='lat' dir='ltr'><strong>abbas</strong></span> <span class='ocrx_word' id='word_1_173' title='bbox 727 2542 803 2606; x_wconf 92' lang='lat' dir='ltr'><strong>inde</strong></span> <span class='ocrx_word' id='word_1_174' title='bbox 818 2541 928 2620; x_wconf 89' lang='lat' dir='ltr'><strong>habet,</strong></span> <span class='ocrx_word' id='word_1_175' title='bbox 943 2541 1131 2626; x_wconf 92' lang='lat' dir='ltr'><strong>hujusmodi</strong></span> <span class='ocrx_word' id='word_1_176' title='bbox 1146 2553 1314 2606; x_wconf 90' lang='lat' dir='ltr'><strong>returnum</strong></span> <span class='ocrx_word' id='word_1_177' title='bbox 1340 2541 1460 2607; x_wconf 90' lang='lat' dir='ltr'><strong>habere</strong></span> <span class='ocrx_word' id='word_1_178' title='bbox 1485 2553 1519 2607; x_wconf 89' lang='lat' dir='ltr'><strong>et</strong></span> <span class='ocrx_word' id='word_1_179' title='bbox 1541 2565 1616 2608; x_wconf 86' lang='lat' dir='ltr'><strong>exe-</strong></span> 
     </span>
     <span class='ocr_line' id='line_1_27' title="bbox 416 2644 1614 2727; baseline 0.003 -18"><span class='ocrx_word' id='word_1_180' title='bbox 416 2645 568 2709; x_wconf 88' lang='lat' dir='ltr'><strong>cuciones</strong></span> <span class='ocrx_word' id='word_1_181' title='bbox 592 2646 695 2708; x_wconf 88' lang='lat' dir='ltr'><strong>facere</strong></span> <span class='ocrx_word' id='word_1_182' title='bbox 724 2655 983 2722; x_wconf 83' lang='lat' dir='ltr'><strong>consueverunt3</strong></span> <span class='ocrx_word' id='word_1_183' title='bbox 1019 2644 1107 2706; x_wconf 93' lang='lat' dir='ltr'><strong>idem</strong></span> <span class='ocrx_word' id='word_1_184' title='bbox 1135 2665 1245 2707; x_wconf 87' lang='lat' dir='ltr'><strong>comcs</strong></span> <span class='ocrx_word' id='word_1_185' title='bbox 1274 2645 1435 2727; x_wconf 84' lang='lat' dir='ltr'><strong>prelatum</strong></span> <span class='ocrx_word' id='word_1_186' title='bbox 1464 2644 1614 2712; x_wconf 88' lang='lat' dir='ltr'><strong>abbatem</strong></span> 
     </span>
     <span class='ocr_line' id='line_1_28' title="bbox 416 2745 1613 2831; baseline 0.002 -22"><span class='ocrx_word' id='word_1_187' title='bbox 416 2747 605 2831; x_wconf 91' lang='lat' dir='ltr'><strong>hujusmodi</strong></span> <span class='ocrx_word' id='word_1_188' title='bbox 620 2745 831 2816; x_wconf 85' lang='lat' dir='ltr'><strong>exeouciones</strong></span> <span class='ocrx_word' id='word_1_189' title='bbox 857 2767 916 2830; x_wconf 88' lang='lat' dir='ltr'><strong>per</strong></span> <span class='ocrx_word' id='word_1_190' title='bbox 941 2745 1130 2828; x_wconf 91' lang='lat' dir='ltr'><strong>hujusmodi</strong></span> <span class='ocrx_word' id='word_1_191' title='bbox 1152 2756 1319 2809; x_wconf 90' lang='lat' dir='ltr'><strong>returnum</strong></span> <span class='ocrx_word' id='word_1_192' title='bbox 1346 2745 1409 2809; x_wconf 91' lang='lat' dir='ltr'><strong>sibi</strong></span> <span class='ocrx_word' id='word_1_193' title='bbox 1434 2747 1556 2810; x_wconf 82' lang='lat' dir='ltr'><strong>lactum</strong></span> <span class='ocrx_word' id='word_1_194' title='bbox 1579 2749 1613 2811; x_wconf 95' lang='lat' dir='ltr'><strong>in</strong></span> 
     </span>
     <span class='ocr_line' id='line_1_29' title="bbox 417 2847 1614 2935; baseline 0 -22"><span class='ocrx_word' id='word_1_195' title='bbox 417 2850 489 2928; x_wconf 90' lang='lat' dir='ltr'><strong>hiis,</strong></span> <span class='ocrx_word' id='word_1_196' title='bbox 505 2871 568 2935; x_wconf 90' lang='lat' dir='ltr'><strong>que</strong></span> <span class='ocrx_word' id='word_1_197' title='bbox 583 2849 691 2935; x_wconf 93' lang='lat' dir='ltr'><strong>ipsum</strong></span> <span class='ocrx_word' id='word_1_198' title='bbox 706 2848 859 2913; x_wconf 91' lang='lat' dir='ltr'><strong>comitem</strong></span> <span class='ocrx_word' id='word_1_199' title='bbox 869 2857 903 2912; x_wconf 90' lang='lat' dir='ltr'><strong>et</strong></span> <span class='ocrx_word' id='word_1_200' title='bbox 914 2847 1062 2912; x_wconf 88' lang='lat' dir='ltr'><strong>homines</strong></span> <span class='ocrx_word' id='word_1_201' title='bbox 1075 2869 1153 2912; x_wconf 91' lang='lat' dir='ltr'><strong>suos</strong></span> <span class='ocrx_word' id='word_1_202' title='bbox 1163 2847 1247 2910; x_wconf 87' lang='lat' dir='ltr'><strong>infra</strong></span> <span class='ocrx_word' id='word_1_203' title='bbox 1258 2847 1459 2931; x_wconf 83' lang='lat' dir='ltr'><strong>procinctum</strong></span> <span class='ocrx_word' id='word_1_204' title='bbox 1471 2849 1614 2914; x_wconf 88' lang='lat' dir='ltr'><strong>hundre-</strong></span> 
     </span>
    </p>
   </div>
   <div class='ocr_carea' id='block_1_8' title="bbox 413 2951 1613 3448">
    <p class='ocr_par' dir='ltr' id='par_1_10' title="bbox 413 2951 1613 3448">
     <span class='ocr_line' id='line_1_30' title="bbox 414 2951 1613 3039; baseline 0.002 -23"><span class='ocrx_word' id='word_1_205' title='bbox 414 2953 530 3020; x_wconf 92' lang='lat' dir='ltr'><strong>dorum</strong></span> <span class='ocrx_word' id='word_1_206' title='bbox 558 2953 777 3039; x_wconf 90' lang='lat' dir='ltr'><strong>predictorum</strong></span> <span class='ocrx_word' id='word_1_207' title='bbox 800 2959 1039 3017; x_wconf 83' lang='lat' dir='ltr'><strong>commorantes</strong></span> <span class='ocrx_word' id='word_1_208' title='bbox 1062 2951 1266 3036; x_wconf 88' lang='lat' dir='ltr'><strong>contingunt,</strong></span> <span class='ocrx_word' id='word_1_209' title='bbox 1293 2951 1377 3016; x_wconf 90' lang='lat' dir='ltr'><strong>sicut</strong></span> <span class='ocrx_word' id='word_1_210' title='bbox 1402 2951 1613 3018; x_wconf 89' lang='lat' dir='ltr'><strong>execuciones</strong></span> 
     </span>
     <span class='ocr_line' id='line_1_31' title="bbox 413 3053 1613 3140; baseline -0.002 -18"><span class='ocrx_word' id='word_1_211' title='bbox 413 3057 484 3122; x_wconf 90' lang='lat' dir='ltr'><strong>illas</strong></span> <span class='ocrx_word' id='word_1_212' title='bbox 510 3059 614 3124; x_wconf 86' lang='lat' dir='ltr'><strong>facere</strong></span> <span class='ocrx_word' id='word_1_213' title='bbox 636 3055 743 3138; x_wconf 93' lang='lat' dir='ltr'><strong>debet,</strong></span> <span class='ocrx_word' id='word_1_214' title='bbox 766 3065 799 3120; x_wconf 95' lang='lat' dir='ltr'><strong>et</strong></span> <span class='ocrx_word' id='word_1_215' title='bbox 822 3055 1066 3140; x_wconf 87' lang='lat' dir='ltr'><strong>predecessores</strong></span> <span class='ocrx_word' id='word_1_216' title='bbox 1090 3053 1140 3118; x_wconf 91' lang='lat' dir='ltr'><strong>sui</strong></span> <span class='ocrx_word' id='word_1_217' title='bbox 1165 3075 1219 3118; x_wconf 88' lang='lat' dir='ltr'><strong>eas</strong></span> <span class='ocrx_word' id='word_1_218' title='bbox 1244 3055 1348 3119; x_wconf 88' lang='lat' dir='ltr'><strong>facere</strong></span> <span class='ocrx_word' id='word_1_219' title='bbox 1363 3066 1613 3136; x_wconf 88' lang='lat' dir='ltr'><strong>consueverunt,</strong></span> 
     </span>
     <span class='ocr_line' id='line_1_32' title="bbox 413 3157 1612 3246; baseline 0 -22"><span class='ocrx_word' id='word_1_220' title='bbox 413 3161 517 3226; x_wconf 84' lang='lat' dir='ltr'><strong>facere</strong></span> <span class='ocrx_word' id='word_1_221' title='bbox 531 3183 599 3227; x_wconf 93' lang='lat' dir='ltr'><strong>non</strong></span> <span class='ocrx_word' id='word_1_222' title='bbox 614 3159 784 3246; x_wconf 88' lang='lat' dir='ltr'><strong>permittit,</strong></span> <span class='ocrx_word' id='word_1_223' title='bbox 807 3158 842 3222; x_wconf 91' lang='lat' dir='ltr'><strong>in</strong></span> <span class='ocrx_word' id='word_1_224' title='bbox 864 3157 967 3243; x_wconf 88' lang='lat' dir='ltr'><strong>ipsius</strong></span> <span class='ocrx_word' id='word_1_225' title='bbox 983 3157 1109 3222; x_wconf 84' lang='lat' dir='ltr'><strong>abbatis</strong></span> <span class='ocrx_word' id='word_1_226' title='bbox 1124 3168 1158 3224; x_wconf 88' lang='lat' dir='ltr'><strong>et</strong></span> <span class='ocrx_word' id='word_1_227' title='bbox 1183 3157 1317 3223; x_wconf 89' lang='lat' dir='ltr'><strong>ecclesie</strong></span> <span class='ocrx_word' id='word_1_228' title='bbox 1333 3180 1390 3223; x_wconf 90' lang='lat' dir='ltr'><strong>sue</strong></span> <span class='ocrx_word' id='word_1_229' title='bbox 1406 3159 1510 3224; x_wconf 89' lang='lat' dir='ltr'><strong>sancti</strong></span> <span class='ocrx_word' id='word_1_230' title='bbox 1526 3160 1612 3224; x_wconf 85' lang='lat' dir='ltr'><strong>Petri</strong></span> 
     </span>
     <span class='ocr_line' id='line_1_33' title="bbox 414 3261 1612 3350; baseline 0.001 -23"><span class='ocrx_word' id='word_1_231' title='bbox 414 3265 455 3328; x_wconf 92' lang='lat' dir='ltr'><strong>de</strong></span> <span class='ocrx_word' id='word_1_232' title='bbox 470 3263 582 3350; x_wconf 86' lang='lat' dir='ltr'><strong>Burgo</strong></span> <span class='ocrx_word' id='word_1_233' title='bbox 607 3265 710 3330; x_wconf 89' lang='lat' dir='ltr'><strong>sancti</strong></span> <span class='ocrx_word' id='word_1_234' title='bbox 726 3264 814 3330; x_wconf 90' lang='lat' dir='ltr'><strong>Petri</strong></span> <span class='ocrx_word' id='word_1_235' title='bbox 829 3262 1036 3348; x_wconf 89' lang='lat' dir='ltr'><strong>dispendium</strong></span> <span class='ocrx_word' id='word_1_236' title='bbox 1059 3283 1127 3326; x_wconf 94' lang='lat' dir='ltr'><strong>non</strong></span> <span class='ocrx_word' id='word_1_237' title='bbox 1142 3261 1305 3326; x_wconf 89' lang='lat' dir='ltr'><strong>modicum</strong></span> <span class='ocrx_word' id='word_1_238' title='bbox 1322 3271 1356 3326; x_wconf 91' lang='lat' dir='ltr'><strong>et</strong></span> <span class='ocrx_word' id='word_1_239' title='bbox 1381 3262 1537 3327; x_wconf 87' lang='lat' dir='ltr'><strong>libertatis</strong></span> <span class='ocrx_word' id='word_1_240' title='bbox 1554 3285 1612 3329; x_wconf 90' lang='lat' dir='ltr'><strong>sue</strong></span> 
     </span>
     <span class='ocr_line' id='line_1_34' title="bbox 413 3364 1612 3448; baseline -0.001 -17"><span class='ocrx_word' id='word_1_241' title='bbox 413 3368 571 3434; x_wconf 87' lang='lat' dir='ltr'><strong>lesionem</strong></span> <span class='ocrx_word' id='word_1_242' title='bbox 597 3369 812 3448; x_wconf 82' lang='lat' dir='ltr'><strong>manifestam,</strong></span> <span class='ocrx_word' id='word_1_243' title='bbox 836 3377 876 3431; x_wconf 94' lang='lat' dir='ltr'><strong>ut</strong></span> <span class='ocrx_word' id='word_1_244' title='bbox 904 3365 993 3430; x_wconf 90' lang='lat' dir='ltr'><strong>dicit.</strong></span> <span class='ocrx_word' id='word_1_245' title='bbox 1048 3365 1095 3429; x_wconf 84' lang='lat' dir='ltr'><strong>Et</strong></span> <span class='ocrx_word' id='word_1_246' title='bbox 1119 3364 1239 3430; x_wconf 90' lang='lat' dir='ltr'><strong>habeas</strong></span> <span class='ocrx_word' id='word_1_247' title='bbox 1264 3364 1311 3428; x_wconf 93' lang='lat' dir='ltr'><strong>ibi</strong></span> <span class='ocrx_word' id='word_1_248' title='bbox 1337 3375 1399 3430; x_wconf 90' lang='lat' dir='ltr'><strong>eto.</strong></span> <span class='ocrx_word' id='word_1_249' title='bbox 1442 3365 1551 3445; x_wconf 87' lang='lat' dir='ltr'><strong>Teste,</strong></span> <span class='ocrx_word' id='word_1_250' title='bbox 1577 3377 1612 3430; x_wconf 90' lang='lat' dir='ltr'><strong>ut</strong></span> 
     </span>
    </p>
   </div>
   <div class='ocr_carea' id='block_1_9' title="bbox 410 3493 1611 4272">
    <p class='ocr_par' dir='ltr' id='par_1_11' title="bbox 414 3493 522 3538">
     <span class='ocr_line' id='line_1_35' title="bbox 414 3493 522 3538; baseline 0.028 -3"><span class='ocrx_word' id='word_1_251' title='bbox 414 3493 452 3536; x_wconf 93' lang='lat' dir='ltr'><strong>su</strong></span> <span class='ocrx_word' id='word_1_252' title='bbox 476 3495 522 3538; x_wconf 87' lang='lat' dir='ltr'><strong>ra.</strong></span> 
     </span>
    </p>

    <p class='ocr_par' dir='ltr' id='par_1_12' title="bbox 411 3494 1611 3964">
     <span class='ocr_line' id='line_1_36' title="bbox 454 3494 1611 3651; baseline -0.006 -12"><span class='ocrx_word' id='word_1_253' title='bbox 454 3494 530 3639; x_wconf 71' lang='lat' dir='ltr'><strong>lieo</strong></span> <span class='ocrx_word' id='word_1_254' title='bbox 554 3585 632 3638; x_wconf 89' lang='lat' dir='ltr'><strong>sunt</strong></span> <span class='ocrx_word' id='word_1_255' title='bbox 654 3573 787 3638; x_wconf 89' lang='lat' dir='ltr'><strong>nomina</strong></span> <span class='ocrx_word' id='word_1_256' title='bbox 805 3571 1066 3637; x_wconf 85' lang='lat' dir='ltr'><strong>Justicisriorum</strong></span> <span class='ocrx_word' id='word_1_257' title='bbox 1091 3567 1314 3633; x_wconf 89' lang='lat' dir='ltr'><strong>itinerantium</strong></span> <span class='ocrx_word' id='word_1_258' title='bbox 1340 3569 1426 3651; x_wconf 87' lang='lat' dir='ltr'><strong>apud</strong></span> <span class='ocrx_word' id='word_1_259' title='bbox 1449 3568 1611 3633; x_wconf 88' lang='lat' dir='ltr'><strong>Norham-</strong></span> 
     </span>
     <span class='ocr_line' id='line_1_37' title="bbox 412 3667 1610 3754; baseline -0.003 -14"><span class='ocrx_word' id='word_1_260' title='bbox 412 3676 545 3752; x_wconf 92' lang='lat' dir='ltr'><strong>toniam,</strong></span> <span class='ocrx_word' id='word_1_261' title='bbox 573 3677 607 3739; x_wconf 94' lang='lat' dir='ltr'><strong>in</strong></span> <span class='ocrx_word' id='word_1_262' title='bbox 633 3675 773 3740; x_wconf 85' lang='lat' dir='ltr'><strong>crastino</strong></span> <span class='ocrx_word' id='word_1_263' title='bbox 800 3673 903 3737; x_wconf 90' lang='lat' dir='ltr'><strong>sancti</strong></span> <span class='ocrx_word' id='word_1_264' title='bbox 928 3671 1110 3750; x_wconf 87' lang='lat' dir='ltr'><strong>Michaelis,</strong></span> <span class='ocrx_word' id='word_1_265' title='bbox 1136 3681 1169 3734; x_wconf 89' lang='lat' dir='ltr'><strong>et</strong></span> <span class='ocrx_word' id='word_1_266' title='bbox 1192 3691 1250 3754; x_wconf 92' lang='lat' dir='ltr'><strong>per</strong></span> <span class='ocrx_word' id='word_1_267' title='bbox 1276 3669 1387 3733; x_wconf 90' lang='lat' dir='ltr'><strong>decem</strong></span> <span class='ocrx_word' id='word_1_268' title='bbox 1413 3667 1610 3736; x_wconf 89' lang='lat' dir='ltr'><strong>ebdomadas</strong></span> 
     </span>
     <span class='ocr_line' id='line_1_38' title="bbox 411 3770 1609 3864; baseline -0.004 -20"><span class='ocrx_word' id='word_1_269' title='bbox 411 3789 594 3864; x_wconf 88' lang='lat' dir='ltr'><strong>sequentes,</strong></span> <span class='ocrx_word' id='word_1_270' title='bbox 631 3800 717 3842; x_wconf 91' lang='lat' dir='ltr'><strong>anno</strong></span> <span class='ocrx_word' id='word_1_271' title='bbox 746 3777 834 3860; x_wconf 80' lang='lat' dir='ltr'><strong>regni</strong></span> <span class='ocrx_word' id='word_1_272' title='bbox 861 3774 959 3860; x_wconf 81' lang='lat' dir='ltr'><strong>Regis</strong></span> <span class='ocrx_word' id='word_1_273' title='bbox 989 3773 1141 3838; x_wconf 83' lang='lat' dir='ltr'><strong>Edwardi</strong></span> <span class='ocrx_word' id='word_1_274' title='bbox 1171 3773 1268 3836; x_wconf 91' lang='lat' dir='ltr'><strong>tertio</strong></span> <span class='ocrx_word' id='word_1_275' title='bbox 1294 3770 1431 3850; x_wconf 89' lang='lat' dir='ltr'><strong>decimo,</strong></span> <span class='ocrx_word' id='word_1_276' title='bbox 1461 3782 1494 3837; x_wconf 89' lang='lat' dir='ltr'><strong>et</strong></span> <span class='ocrx_word' id='word_1_277' title='bbox 1523 3794 1609 3840; x_wconf 82' lang='lat' dir='ltr'><strong>anno</strong></span> 
     </span>
     <span class='ocr_line' id='line_1_39' title="bbox 411 3877 1029 3964; baseline -0.015 -17"><span class='ocrx_word' id='word_1_278' title='bbox 411 3881 546 3949; x_wconf 92' lang='lat' dir='ltr'><strong>Domini</strong></span> <span class='ocrx_word' id='word_1_279' title='bbox 562 3883 681 3947; x_wconf 82' lang='lat' dir='ltr'><strong>M⁰o⁰c⁰</strong></span> <span class='ocrx_word' id='word_1_280' title='bbox 695 3879 889 3964; x_wconf 89' lang='lat' dir='ltr'><strong>octagesimo</strong></span> <span class='ocrx_word' id='word_1_281' title='bbox 905 3877 1029 3963; x_wconf 91' lang='lat' dir='ltr'><strong>quinto.</strong></span> 
     </span>
    </p>

    <p class='ocr_par' dir='ltr' id='par_1_13' title="bbox 410 3977 1608 4169">
     <span class='ocr_line' id='line_1_40' title="bbox 452 3977 1608 4067; baseline -0.005 -17"><span class='ocrx_word' id='word_1_282' title='bbox 452 3985 476 4051; x_wconf 84' lang='lat' dir='ltr'><strong>J</strong></span> <span class='ocrx_word' id='word_1_283' title='bbox 477 3984 622 4049; x_wconf 88' lang='lat' dir='ltr'><strong>ohannes</strong></span> <span class='ocrx_word' id='word_1_284' title='bbox 637 3983 677 4048; x_wconf 91' lang='lat' dir='ltr'><strong>de</strong></span> <span class='ocrx_word' id='word_1_285' title='bbox 691 3979 849 4058; x_wconf 79' lang='lat' dir='ltr'><strong>vallibus,</strong></span> <span class='ocrx_word' id='word_1_286' title='bbox 864 3977 1060 4042; x_wconf 90' lang='lat' dir='ltr'><strong>Willielmus</strong></span> <span class='ocrx_word' id='word_1_287' title='bbox 1075 3977 1116 4042; x_wconf 93' lang='lat' dir='ltr'><strong>de</strong></span> <span class='ocrx_word' id='word_1_288' title='bbox 1131 3977 1262 4056; x_wconf 88' lang='lat' dir='ltr'><strong>Saham,</strong></span> <span class='ocrx_word' id='word_1_289' title='bbox 1279 3977 1424 4061; x_wconf 77' lang='lat' dir='ltr'><strong>Rogatus</strong></span> <span class='ocrx_word' id='word_1_290' title='bbox 1440 3978 1608 4067; x_wconf 85' lang='lat' dir='ltr'><strong>Luveday,</strong></span> 
     </span>
     <span class='ocr_line' id='line_1_41' title="bbox 410 4081 1260 4169; baseline -0.013 -13"><span class='ocrx_word' id='word_1_291' title='bbox 410 4087 578 4156; x_wconf 82' lang='lat' dir='ltr'><strong>Johannes</strong></span> <span class='ocrx_word' id='word_1_292' title='bbox 593 4087 634 4152; x_wconf 91' lang='lat' dir='ltr'><strong>de</strong></span> <span class='ocrx_word' id='word_1_293' title='bbox 649 4083 863 4169; x_wconf 84' lang='lat' dir='ltr'><strong>Metingham,</strong></span> <span class='ocrx_word' id='word_1_294' title='bbox 878 4092 912 4147; x_wconf 92' lang='lat' dir='ltr'><strong>et</strong></span> <span class='ocrx_word' id='word_1_295' title='bbox 927 4081 1104 4145; x_wconf 88' lang='lat' dir='ltr'><strong>Nicholaus</strong></span> <span class='ocrx_word' id='word_1_296' title='bbox 1119 4081 1149 4146; x_wconf 90' lang='lat' dir='ltr'><strong>le</strong></span> <span class='ocrx_word' id='word_1_297' title='bbox 1165 4081 1260 4145; x_wconf 89' lang='lat' dir='ltr'><strong>Gras.</strong></span> 
     </span>
    </p>

    <p class='ocr_par' dir='ltr' id='par_1_14' title="bbox 454 4184 1607 4272">
     <span class='ocr_line' id='line_1_42' title="bbox 454 4184 1607 4272; baseline -0.007 -14"><span class='ocrx_word' id='word_1_298' title='bbox 454 4194 500 4258; x_wconf 86' lang='lat' dir='ltr'><strong>Et</strong></span> <span class='ocrx_word' id='word_1_299' title='bbox 514 4189 758 4258; x_wconf 82' lang='lat' dir='ltr'><strong>memorandum</strong></span> <span class='ocrx_word' id='word_1_300' title='bbox 779 4187 866 4272; x_wconf 93' lang='lat' dir='ltr'><strong>quod</strong></span> <span class='ocrx_word' id='word_1_301' title='bbox 891 4187 1038 4272; x_wconf 84' lang='lat' dir='ltr'><strong>Rogerus</strong></span> <span class='ocrx_word' id='word_1_302' title='bbox 1054 4185 1094 4250; x_wconf 93' lang='lat' dir='ltr'><strong>de</strong></span> <span class='ocrx_word' id='word_1_303' title='bbox 1112 4185 1196 4251; x_wconf 81' lang='lat' dir='ltr'><strong>liele</strong></span> <span class='ocrx_word' id='word_1_304' title='bbox 1222 4185 1285 4251; x_wconf 82' lang='lat' dir='ltr'><strong>luit</strong></span> <span class='ocrx_word' id='word_1_305' title='bbox 1308 4184 1454 4272; x_wconf 87' lang='lat' dir='ltr'><strong>capitalis</strong></span> <span class='ocrx_word' id='word_1_306' title='bbox 1474 4185 1607 4252; x_wconf 88' lang='lat' dir='ltr'><strong>clericus</strong></span> 
     </span>
    </p>
   </div>
   <div class='ocr_carea' id='block_1_10' title="bbox 0 0 1974 5022">
    <p class='ocr_par' dir='ltr' id='par_1_15' title="bbox 0 0 1974 5022">
     <span class='ocr_line' id='line_1_43' title="bbox 0 0 1974 5022; baseline 0 7"><span class='ocrx_word' id='word_1_307' title='bbox 0 0 1974 5022; x_wconf 95' lang='lat' dir='ltr'><strong> </strong></span> 
     </span>
    </p>
   </div>
  </div>
 </body>
</html>
