3812 5030
411 549 452 604 52
729 562 942 609 canonicos
961 565 1283 611 rnrnonunoausn.

410 711 539 797 plenius
563 722 596 775 et
618 713 745 797 planius
760 716 990 796 annectendas,
1013 726 1047 781 et
1061 716 1193 782 demum
1216 717 1327 782 habita
1349 716 1550 783 discussione
1573 714 1608 777 in

412 815 475 878 hoc
490 815 624 879 articulo
639 815 800 900 solempni
813 826 911 901 prout
926 817 1014 882 curia
1027 827 1128 883 tenet.
1172 818 1208 883 Si
1223 820 1389 904 contingat
1402 814 1610 904 pronunciari

414 917 537 982 dictum
552 917 722 1003 negocium
744 941 811 984 non
826 942 897 985 esse
914 921 948 984 in
964 922 1053 986 curia
1066 920 1289 1000 tractandum3
1314 932 1394 988 tunc
1408 941 1483 1007 pars
1498 917 1610 1004 appel-

195 1017 371 1086 ts01·²0·t⁰·)
412 1020 483 1084 lans
495 1021 647 1106 impetret
661 1021 778 1085 acuria
788 1021 916 1107 judices
927 1022 961 1086 in
973 1022 1090 1108 Anglia
1103 1043 1312 1107 processuros
1320 1029 1333 1104 s
1344 1024 1379 1088 in
1394 1044 1490 1087 causa
1499 1018 1610 1106 appel-

413 1124 547 1189 lacionis
561 1134 740 1210 prenotate.
771 1124 807 1189 si
821 1133 931 1190 autem
946 1125 1029 1190 forte
1044 1125 1215 1211 contigerit
1228 1125 1436 1211 pronunciari
1446 1125 1607 1210 prefatum

414 1227 583 1311 negocium
598 1228 667 1292 fore
680 1227 715 1291 in
730 1227 818 1291 curia
832 1228 1057 1308 tractandum3
1082 1237 1162 1294 tunc
1177 1228 1391 1294 descendetur
1410 1228 1452 1292 ad
1477 1246 1608 1292 causam

413 1328 641 1414 appellacionis
666 1329 799 1410 ibidem,
824 1339 859 1396 et
884 1351 958 1416 pars
985 1331 1151 1415 appellans
1177 1329 1308 1396 docebit
1329 1331 1370 1396 de
1389 1328 1608 1416 appellacione

413 1455 472 1496 sua
497 1441 531 1497 et
554 1432 594 1497 de
619 1433 725 1498 causis
745 1433 788 1498 ob
814 1456 894 1518 quas
919 1434 1019 1499 fuerit
1044 1434 1251 1519 appellatum.
1296 1435 1349 1499 De
1362 1455 1442 1498 voce
1467 1429 1609 1516 appella-

412 1535 515 1603 cionis
530 1545 564 1600 et
579 1538 619 1601 de
634 1537 739 1602 causis
761 1537 909 1623 ejusdem
932 1537 1053 1622 poterit
1066 1537 1194 1602 edoceri
1215 1559 1283 1603 non
1303 1545 1433 1601 tantum
1453 1556 1512 1619 per
1533 1554 1608 1618 pro-

412 1661 540 1706 cessum
568 1639 717 1703 babitum
745 1639 780 1703 in
806 1641 894 1705 curia
915 1639 1088 1704 Cantuarie
1107 1661 1167 1725 pro
1189 1640 1330 1705 tuicione
1354 1640 1499 1725 predicta
1523 1636 1609 1722 opti-

411 1743 537 1819 nenda3
562 1741 663 1806 immo
678 1742 776 1805 etiam
789 1764 848 1827 per
863 1743 1061 1808 delacionem
1076 1752 1110 1807 et
1123 1743 1334 1827 prefixionem
1351 1743 1450 1827 partis
1464 1740 1609 1818 adverse,

412 1867 509 1929 super
524 1843 641 1928 quibus
657 1842 839 1908 exibebitur
852 1845 887 1907 in
899 1843 987 1907 cuna
1009 1843 1050 1907 ab
1073 1843 1145 1929 ipsa
1170 1854 1261 1929 parte
1285 1846 1420 1910 adversa
1440 1842 1607 1928 puplicum

409 1947 664 2010 instrumentum
689 1967 789 2009 manu
802 1945 922 2030 puplici
947 1944 1128 2010 tabellionis
1143 1947 1339 2012 confectum.
1382 1946 1608 2012 Descendetur

410 2048 622 2134 postmodum
637 2047 677 2112 ad
692 2048 903 2132 excepciones
919 2048 1023 2134 sigillo
1038 2049 1182 2135 episcopi
1197 2049 1349 2134 signatas,
1373 2069 1471 2134 super
1490 2045 1607 2132 quibus

411 2149 519 2215 debite
534 2159 568 2216 et
581 2148 715 2234 provide
730 2150 968 2236 prospiciantur
983 2150 1163 2237 allegabiles
1178 2151 1333 2216 raciones.

453 2253 579 2320 Littera
601 2239 784 2337 provisoris
802 2265 836 2319 et
862 2276 1033 2339 processus
1056 2253 1166 2339 placiti
1191 2253 1367 2340 supradicti
1391 2273 1498 2318 coram
1521 2241 1607 2338 epis-

410 2378 492 2441 copo
508 2355 678 2420 Lincolnie
701 2365 736 2420 et
749 2356 853 2422 forma
867 2355 1098 2441 appellacionis
1122 2378 1230 2421 coram
1252 2356 1506 2442 archiepiscopo,
1520 2355 1607 2420 inse-

409 2469 525 2524 runtur
538 2459 631 2536 intra,
646 2458 724 2523 tolio
740 2456 944 2523 duodecimo.
990 2457 1107 2523 Cetera
1128 2458 1237 2522 omnia
1256 2456 1438 2542 predictum
1452 2457 1606 2542 placitum

409 2559 588 2643 tangencia,
599 2581 674 2623 cum
683 2567 754 2624 toto
765 2580 919 2643 processu
930 2560 965 2622 in
976 2559 1225 2640 curiaRomana‚
1241 2560 1499 2624 transcribantur
1507 2582 1606 2626 manu

409 2661 531 2749 puplici
545 2660 729 2726 tabellionis
739 2661 774 2724 in
789 2660 930 2745 quodam
953 2683 1070 2746 magno
1085 2663 1192 2726 rotulo
1207 2662 1262 2748 qui
1276 2662 1396 2728 residet
1409 2662 1443 2727 in
1459 2663 1606 2728 custodia

409 2763 611 2829 thesaurarii.

452 2867 538 2932 Item
562 2867 625 2930 hoe
639 2887 737 2946 anno,
762 2865 913 2930 videlicet
941 2887 1026 2930 anno
1053 2866 1188 2931 Domini
1216 2868 1413 2932 M⁰cc⁰lxxx⁰.
1434 2868 1550 2953 primo,
1572 2879 1607 2932 et

408 2970 498 3058 regni
512 2970 597 3056 regis
612 2969 765 3035 Edwardi
780 2969 917 3048 decimo,
929 2971 1058 3055 querela
1072 2981 1184 3035 exorta
1198 2981 1249 3036 est
1263 2992 1371 3035 coram
1385 2971 1458 3056 ipso
1473 2971 1605 3036 domino

408 3098 482 3162 rege
497 3074 538 3138 de
560 3096 654 3139 muro
674 3073 762 3158 parci
785 3075 836 3138 sui
851 3073 1089 3144 Norbamtonie
1106 3074 1219 3151 fracto,
1241 3083 1275 3136 et
1290 3082 1478 3158 suggestum
1493 3073 1556 3136 fuit
1577 3075 1606 3138 ei

410 3179 497 3264 quod
520 3200 580 3262 pro
601 3177 729 3242 defectu
754 3177 968 3263 reparacionis
993 3177 1141 3241 exierunt
1155 3176 1327 3260 plusquam
1343 3176 1482 3240 ducente
1504 3175 1608 3240 bestie

409 3304 510 3367 parvo
532 3293 688 3364 tempore.
742 3280 841 3344 Unde
860 3281 1005 3365 precepit
1031 3280 1175 3342 districte
1205 3279 1292 3363 quod
1317 3287 1408 3342 totus
1434 3279 1608 3344 comitatus

411 3384 653 3465 distringeretur
676 3381 861 3444 edmarum
884 3382 1066 3466 predictum
1085 3381 1310 3465 reparandum.
1353 3380 1400 3445 Et
1414 3381 1489 3467 quia
1503 3381 1608 3446 domi-

410 3505 472 3548 nus
487 3504 543 3548 rex
565 3482 725 3546 intellexit
739 3503 797 3566 per
815 3483 973 3567 quosdam
999 3483 1088 3566 quod
1103 3491 1209 3546 totum
1233 3483 1322 3567 quod
1344 3484 1501 3548 remansit
1524 3485 1606 3549 frac-

409 3597 480 3650 tum
496 3593 530 3648 et
543 3584 700 3648 infectum
716 3583 884 3668 spectabat
898 3582 939 3647 ad
954 3584 1098 3648 Nassum
1115 3584 1216 3670 Burgi
1230 3585 1456 3670 reparandum,
1476 3595 1607 3653 ostenso

410 3698 461 3754 est
475 3689 505 3753 ei
526 3697 623 3767 carta,
638 3708 701 3771 que
713 3686 894 3772 specialiter
908 3686 985 3750 fecit
1006 3687 1209 3751 mencionem
1230 3687 1271 3752 de
1286 3688 1466 3773 aquitannia
1480 3710 1607 3773 repara-

411 3790 512 3855 cionis
542 3809 719 3868 murorum,
753 3788 998 3868 clausturarum,
1035 3789 1196 3874 pontium,
1225 3800 1260 3856 et
1291 3791 1490 3877 hujusmodi,
1519 3793 1607 3858 unde

411 3892 512 3958 exivit
525 3891 623 3958 breve
633 3891 815 3957 vicecomiti
839 3891 872 3955 N
874 3890 1077 3956 orhamtonie
1092 3890 1153 3956 sub
1167 3891 1229 3956 hac
1243 3892 1347 3956 forma
1358 3915 1412 3955 2-

454 3996 526 4060 Rex
536 3992 717 4060 vicecomiti
727 3993 963 4058 Norbamtonie
979 3992 1125 4057 salutem.
1149 3993 1348 4058 Monstravit
1359 3993 1454 4058 nobis
1470 3995 1605 4062 dilectus

409 4099 504 4166 nobis
528 4099 561 4164 in
579 4096 712 4164 Christo
727 4095 827 4160 abbas
848 4097 888 4160 de
904 4096 1013 4180 Burgo
1038 4096 1140 4161 sancti
1158 4096 1244 4160 Petri
1271 4097 1358 4180 quod
1383 4119 1456 4162 cum
1479 4097 1550 4184 ipse
1573 4113 1606 4178 et
