3894 5024
123 2039 307 2118 Hpntendcnie·

121 2119 191 2152 sorra

659 647 872 692 canonicos
891 645 1219 692 rannosunonnsn.
1482 632 1543 690 135

340 808 453 878 ventu,
474 799 524 862 vel
548 820 568 862 a
590 797 678 863 dicto
704 798 858 884 magistro
886 799 1033 863 Giffredo
1058 820 1117 863 seu
1142 796 1204 862 alio
1234 805 1322 861 certo
1348 793 1434 860 dicte
1459 795 1545 861 sedis

342 902 473 980 nuncio,
495 923 593 986 super
616 903 679 966 hoo
701 901 857 965 fuerimus
884 901 1041 986 requisiti.
1087 899 1312 966 Promittimus
1338 899 1435 963 etiam
1459 898 1547 963 bona

342 1005 406 1068 fide
435 1025 495 1089 pro
519 1003 626 1084 nobis,
649 1003 824 1068 heredibus
853 1011 887 1068 et
917 1003 1158 1068 successoribus
1182 1003 1315 1078 nostris,
1343 1001 1432 1087 quod
1455 1001 1545 1086 ipsos

342 1106 492 1171 abbatem
508 1116 541 1171 et
556 1116 754 1172 conventum
770 1115 803 1170 et
818 1128 1020 1171 successores
1037 1129 1114 1170 suos
1129 1129 1167 1170 ao
1186 1106 1421 1171 monasterium
1447 1126 1544 1170 suum

342 1231 442 1293 penes
458 1209 626 1274 dominum
648 1210 780 1294 Papam,
799 1209 961 1293 prefatum
976 1209 1165 1292 magistrum
1188 1208 1371 1274 Giffredum
1397 1215 1431 1271 et
1445 1207 1545 1271 alium

343 1333 578 1396 quemcumque
593 1319 718 1374 certum
734 1310 819 1374 dicte
835 1310 920 1374 sedis
941 1310 1097 1374 nuncium
1121 1310 1156 1372 in
1179 1309 1331 1374 omnibus
1357 1309 1485 1374 casibus
1512 1319 1546 1374 et
1625 1353 1628 1364 ·

341 1413 503 1498 periculis,
518 1435 580 1498 que
595 1413 723 1477 racione
739 1412 846 1474 mutui
860 1412 982 1475 eisdem
998 1432 1129 1495 quoquo
1143 1413 1242 1476 modo
1253 1423 1391 1496 possent
1405 1412 1544 1492 evenire,

341 1515 451 1579 illesos
466 1513 729 1578 conservabimus
744 1513 875 1598 penitus
890 1523 923 1577 et
937 1513 1140 1597 indempnes.
1187 1514 1227 1578 In
1239 1515 1331 1598 cujus
1343 1513 1390 1578 rei
1398 1499 1558 1578 testimo?

342 1619 434 1680 nium
449 1615 655 1700 presentibus
671 1615 810 1699 sigillum
826 1624 976 1682 nostrum
990 1615 1125 1679 fecimus
1141 1615 1273 1700 apponi.
1318 1617 1442 1679 Datum
1457 1616 1544 1700 apud

343 1717 673 1783 westmonasterium
687 1739 763 1780 xxv.
781 1717 833 1781 die
847 1716 969 1802 Aprilis
984 1739 1070 1780 anno
1085 1717 1175 1803 regni
1192 1716 1288 1802 Regis
1303 1717 1393 1782 xiiii⁰.

387 1821 439 1884 De
465 1820 580 1884 itinere
605 1820 858 1904 justiciariomm
884 1819 970 1905 apud
987 1820 1262 1898 Huntindoniam,
1291 1842 1377 1885 anno
1408 1819 1544 1885 Domini

345 1923 464 1988 M⁰o⁰c⁰
478 1923 677 2008 octogesimo
693 1932 797 1988 sexto.

389 2027 464 2090 Hoc
493 2047 578 2089 anno
607 2025 641 2088 in
671 2025 795 2090 octabis
828 2025 931 2090 sancti
960 2025 1122 2090 Johannis
1147 2024 1306 2110 Baptista,
1336 2027 1483 2112 Rogerus
1512 2027 1543 2091 le

344 2129 505 2212 Estrange
516 2138 550 2192 et
561 2127 639 2192 socii
651 2127 701 2192 sui
715 2128 895 2192 Justiciarii
905 2129 945 2192 de
961 2130 1095 2194 Foresta
1110 2129 1242 2193 fuerunt
1256 2129 1445 2194 itinerantes
1456 2131 1544 2216 apud

345 2230 626 2309 Huntendoniam,
642 2251 749 2294 coram
765 2230 882 2315 quibus
897 2230 1008 2295 Abbas
1024 2232 1065 2295 de
1080 2231 1190 2316 Burgo
1206 2232 1307 2296 sancti
1329 2232 1417 2296 Petri
1427 2232 1544 2297 ciamat

344 2331 462 2398 habere
478 2352 573 2395 canes
589 2353 667 2395 suos
682 2353 748 2395 non
770 2331 948 2395 mutillatos
970 2353 1028 2416 per
1051 2332 1159 2396 omnia
1181 2331 1324 2395 dominia
1346 2343 1380 2396 et
1402 2334 1544 2398 maneria

346 2458 415 2514 sua,
441 2443 475 2498 et
500 2434 598 2497 etiam
617 2454 734 2497 venare
759 2434 915 2519 leporem,
938 2433 1071 2518 vulpem
1091 2443 1125 2497 et
1146 2442 1266 2509 catum,
1290 2443 1324 2498 et
1349 2453 1463 2519 capere
1486 2453 1544 2520 per

346 2547 465 2603 cartam
478 2535 576 2620 Regis
588 2535 728 2613 Ricardi,
740 2557 802 2620 que
812 2535 876 2601 hoo
888 2545 1036 2611 testatur,
1049 2545 1083 2600 et
1094 2536 1140 2600 sic
1150 2535 1275 2620 incipit,
1286 2545 1320 2600 et
1330 2535 1542 2604 inrotulatur:

345 2639 514 2716 Ricardus,
529 2637 592 2702 Dei
606 2637 708 2723 gratia
724 2639 793 2702 Rex
809 2638 936 2723 Anglie,
951 2639 1018 2702 dux
1039 2639 1251 2717 Normannie‚
1276 2638 1486 2724 Aquitannie,
1510 2652 1543 2707 et

345 2763 454 2807 eomes
469 2740 665 2825 Andegavie,
688 2741 949 2827 archiepiscopis,
973 2741 1145 2826 episcopis,
1160 2741 1344 2820 abbatibus,
1359 2743 1543 2823 comitibus,

343 2845 533 2922 baronibus,
566 2844 763 2928 justiciariis,
801 2844 1057 2924 vicecomitibus,
1093 2846 1280 2924 forestariis,
1317 2857 1350 2910 et
1392 2847 1543 2911 omnibus

344 2947 501 3010 ministris
517 2955 550 3009 et
563 2945 715 3009 fidelibus
731 2945 798 3008 suis
815 2946 947 3010 Francis
963 2956 997 3010 et
1014 2947 1135 3030 Anglis,
1147 2948 1295 3011 salutem.
1341 2948 1456 3012 Sciatis
1471 2971 1543 3024 nos,

344 3057 406 3113 etc.
452 3045 670 3110 Concedimus
685 3047 783 3108 etiam
795 3047 883 3130 quod
898 3047 1067 3110 memorati
1082 3046 1181 3111 abbas
1193 3057 1227 3111 et
1237 3048 1388 3112 monachi
1402 3049 1544 3114 habeant

344 3171 439 3214 canes
456 3169 533 3211 suos
552 3168 619 3210 non
642 3147 809 3211 mutilatus
829 3169 887 3230 per
909 3147 1017 3210 omnia
1040 3147 1182 3212 dominia
1204 3158 1237 3213 et
1259 3149 1402 3214 maneria
1423 3172 1492 3229 sua,
1507 3161 1541 3216 et

343 3253 439 3317 liceat
460 3251 507 3315 eis
522 3271 639 3314 venare
661 3250 816 3334 leporem,
841 3250 972 3334 vulpem
989 3259 1023 3314 et
1046 3259 1166 3329 catum,
1181 3261 1214 3314 et
1228 3272 1353 3335 capere,
1369 3252 1457 3316 salva
1481 3253 1543 3316 alia

343 3353 520 3420 senecione
535 3362 655 3416 nostra.
700 3353 787 3416 Data
806 3374 864 3437 per
887 3375 1019 3416 manum
1041 3353 1211 3416 Eustachii
1233 3354 1375 3418 Eliensis
1399 3355 1543 3440 episcopi

345 3454 524 3521 cancellarii
546 3454 661 3532 nostri,
676 3454 763 3538 apud
786 3454 915 3538 Rupem
931 3453 1068 3531 Andele,
1083 3475 1137 3517 xv.
1155 3453 1207 3518 die
1230 3453 1441 3540 Septembris,
1456 3479 1543 3521 anno

346 3558 471 3623 decimo
488 3554 578 3640 regni
592 3554 707 3618 nostri.

390 3659 460 3724 Ista
487 3657 669 3722 irrotulatio
698 3655 883 3720 invenietur
910 3655 944 3719 in
973 3654 1088 3719 itinere
1118 3655 1237 3741 Rogeri
1266 3655 1297 3721 le
1322 3656 1481 3745 Estrange
1510 3671 1546 3726 et

347 3762 508 3827 sociorum
535 3781 668 3824 suorum
691 3757 952 3823 Justiciariorum
979 3756 1019 3821 de
1046 3757 1181 3821 Foresta
1206 3757 1240 3821 in
1265 3759 1422 3825 comitatu
1448 3763 1544 3827 Hun-

347 3863 512 3941 tendonie,
537 3863 571 3925 in
601 3861 726 3927 octabis
755 3860 933 3925 nativitatis
964 3859 1067 3924 sancti
1090 3860 1252 3925 Johannis
1277 3863 1436 3948 Baptista,
1458 3887 1545 3930 anno

346 3965 437 4051 regni
452 3964 550 4046 Regis
565 3963 718 4026 Edwardi
733 3971 848 4047 quarto
864 3962 1001 4026 decimo.

126 4073 279 4135 (fotmus.
288 4075 334 4137 o.)
397 4067 479 4150 (De
493 4064 607 4128 itinere
618 4064 872 4148 justiciariorum
887 4064 975 4149 apud
994 4064 1274 4130 Huntendoniam.

127 4188 311 4234 nununuonie
392 4167 468 4236 Hoc
482 4186 568 4230 anno
581 4163 616 4228 in
631 4166 773 4230 crastino
789 4165 893 4230 sancti
908 4165 1081 4230 Michaehs
1097 4167 1251 4231 sederunt
1265 4168 1436 4251 justiciarii
1450 4169 1545 4237 itine-

7 4281 8 4290 .
126 4253 196 4299 scira.
