3812 5030
600 622 816 669 GHRONlGON
835 623 1164 670 PETROBURGENSE.
1451 610 1494 670 39

291 774 419 840 cionem
434 773 533 839 nichil
558 774 588 839 ei
614 797 634 838 a
657 785 744 840 retro
758 774 822 840 luit
841 775 882 840 de
896 775 1042 862 predicto
1056 775 1186 840 relevio.
1231 773 1325 840 Dicit
1340 773 1383 840 ἀί.
1407 777 1496 860 quod

293 887 368 942 ante
383 878 468 942 diem
490 878 583 942 illum
605 878 762 944 satisfecit
775 879 805 943 ei
820 900 880 964 pro
894 879 1041 964 predicto
1057 878 1187 957 relevio,
1210 887 1245 942 et
1270 878 1311 942 de
1325 878 1388 943 hoc
1403 878 1496 962 ponit

293 1001 328 1044 se
343 1001 440 1066 super
462 981 610 1066 patriam,
636 991 670 1046 et
693 981 792 1046 abbas
820 981 977 1046 similiter.
1022 980 1102 1044 Ideo
1128 989 1320 1065 preceptum
1346 990 1397 1044 est
1412 981 1497 1044 vice-

292 1083 402 1147 comiti
417 1083 504 1170 quod
519 1084 630 1150 venire
645 1085 742 1150 faciat
767 1083 802 1148 in
826 1083 967 1148 crastino
993 1081 1097 1148 sancti
1112 1080 1249 1144 Martini
1264 1081 1327 1145 nisi
1348 1082 1495 1166 Rogerus

292 1184 485 1271 deSeytona
499 1188 588 1273 prius
604 1198 665 1253 etc.
681 1187 737 1252 xii.
764 1195 826 1251 etc.
850 1207 908 1271 per
933 1205 1016 1269 quos
1040 1194 1101 1248 etc.
1128 1183 1170 1246 ad
1195 1185 1495 1268 recognoscendum

291 1287 325 1352 in
340 1289 444 1354 forma
458 1291 603 1376 predicta
615 1312 713 1377 quare
727 1311 847 1369 coram,
862 1297 925 1353 etc.

337 1392 466 1472 Postea,
494 1415 603 1458 coram
629 1394 782 1459 Johanne
811 1391 852 1456 de
878 1392 1023 1455 Luvetot
1052 1399 1086 1454 et
1114 1389 1189 1454 Elia
1220 1389 1261 1454 de
1292 1389 1496 1476 Bekingham

289 1493 476 1578 justiciariis
503 1494 629 1559 domini
644 1494 727 1578 regis
753 1492 842 1578 apud
863 1494 1009 1576 Burgum
1035 1493 1139 1556 saneti
1165 1493 1264 1572 Petri,
1287 1493 1339 1557 die
1363 1492 1497 1557 Sabbati

291 1593 439 1679 proxima
462 1605 537 1659 ante
561 1593 700 1660 mediam
727 1593 1015 1679 quadragesimam,
1038 1613 1124 1656 anno
1139 1592 1229 1678 regni
1243 1594 1327 1678 regis
1343 1593 1496 1658 Edwardi

290 1696 369 1760 viiie
388 1707 548 1761 venerunt
562 1697 699 1782 predicti
715 1695 914 1761 Laurentius
937 1696 978 1760 de
994 1695 1151 1759 Prestona
1165 1705 1199 1758 et
1214 1694 1313 1759 abbas
1328 1696 1369 1760 de
1385 1697 1494 1781 Burgo

290 1799 395 1863 saneti
426 1798 524 1880 Petri,
550 1811 585 1866 et
608 1799 756 1865 similiter
781 1799 892 1885 jurati,
916 1799 972 1883 qui
996 1797 1111 1863 dieunt
1136 1818 1234 1882 super
1258 1809 1495 1863 sacramentum

292 1923 388 1965 suum
409 1902 496 1987 quod
520 1901 573 1968 die
587 1925 653 1988 quo
668 1903 833 1988 predictus
848 1901 950 1967 abbas
964 1901 1042 1966 feeit
1056 1901 1294 1966 districcionem
1311 1923 1408 1987 super
1422 1924 1496 1987 pre-

293 2003 416 2066 dictum
439 2002 667 2082 Laurencium,
693 2005 800 2068 dictus
827 2003 1026 2068 Laurencius
1050 2001 1222 2067 tenebatur
1250 2002 1281 2066 ei
1310 2003 1345 2066 in
1374 2004 1493 2068 relevio

293 2127 364 2184 suo,
386 2105 473 2190 quod
499 2105 629 2191 quidem
652 2106 682 2170 ei
703 2129 723 2170 a
745 2115 832 2172 retro
853 2107 917 2171 fuit
939 2107 979 2171 de
1000 2105 1146 2192 predicta
1168 2115 1280 2191 quarta
1301 2117 1393 2192 parte
1408 2109 1494 2174 leodi

290 2207 388 2272 unius
412 2207 524 2272 militis
550 2209 637 2294 quod
660 2209 700 2272 de
722 2231 762 2274 eo
784 2219 875 2274 tenet
896 2209 931 2273 in
952 2211 1098 2294 predicta
1120 2209 1205 2274 villa.
1249 2208 1296 2274 Et
1317 2210 1391 2275 idco
1416 2234 1494 2276 eon-

291 2311 466 2376 sideratum
482 2321 533 2375 est
554 2312 641 2397 quod
667 2311 833 2398 predictus
857 2311 957 2377 abbas
978 2313 1095 2378 habeat
1116 2323 1286 2378 returnum
1301 2314 1494 2394 averiorum,

291 2425 325 2480 et
338 2415 408 2500 ipse
422 2414 457 2478 in
472 2415 690 2480 misericordia
704 2437 764 2502 pro
779 2415 860 2480 falso
875 2416 1002 2481 elamio.

334 2518 518 2583 Recordum
533 2528 567 2583 et
580 2518 690 2584 brevia
700 2542 758 2605 per
773 2541 835 2606 que
849 2519 1021 2605 inquisicio
1041 2527 1135 2604 capta
1149 2520 1212 2583 fuit
1235 2541 1293 2604 per
1307 2519 1329 2584 J
1331 2521 1493 2586 ohannem

289 2621 330 2686 de
345 2621 489 2686 Luvetot
503 2631 537 2686 et
552 2622 658 2687 Ellam
674 2622 715 2688 de
730 2623 944 2708 Bekingham,
956 2622 1151 2707 justiciarios
1167 2624 1208 2687 ad
1223 2622 1285 2688 hoe
1300 2623 1493 2707 assignatos,

288 2737 429 2810 possunt
448 2725 587 2790 inveniri
612 2727 698 2791 inter
721 2725 832 2792 brevia
855 2726 896 2792 de
920 2725 1045 2790 octabis
1072 2735 1184 2790 sancte
1203 2725 1384 2806 Trinitatis,
1406 2747 1492 2791 anno

289 2828 379 2914 regni
394 2828 477 2914 regis
493 2840 619 2896 octavo.

334 2932 439 2996 Breve
454 2933 578 2998 domini
592 2933 675 3019 regis
686 2955 745 3018 pro
761 2933 947 2999 venacione.

335 3034 514 3100 Eduardus
539 3036 602 3100 Dei
627 3036 729 3121 gratia
751 3057 808 3100 rex
830 3037 959 3120 Anglie‚
983 3045 1045 3101 eto.
1103 3035 1234 3101 Dilecto
1254 3045 1288 3101 et
1316 3035 1404 3100 fideli
1433 3057 1492 3099 suo

293 3135 432 3201 Ricardo
447 3138 488 3202 de
504 3137 703 3216 Holebrolre,
718 3137 895 3201 senescallo
911 3159 972 3201 suo
987 3138 1028 3202 de
1046 3137 1177 3218 foresta,
1201 3139 1349 3204 salutern.
1395 3139 1493 3202 Man·

291 3239 406 3302 damus
416 3237 509 3304 vobis
525 3239 612 3324 qnod
624 3239 747 3304 faciatis
759 3238 877 3304 habere
891 3238 1009 3303 dilecto
1019 3239 1114 3304 nobis
1124 3239 1158 3304 in
1175 3240 1317 3317 Christo,
1334 3238 1443 3304 abbati
1452 3240 1493 3304 de

291 3344 401 3428 Burgo
427 3343 530 3407 saneti
546 3341 645 3421 Petri,
660 3341 819 3406 decimam
838 3341 1024 3406 venationis
1046 3351 1157 3406 nostre
1171 3343 1206 3406 in
1232 3342 1388 3407 comitatu
1403 3342 1492 3406 Nor·

288 3445 455 3510 hamtonie
484 3455 588 3531 capte,
621 3445 706 3511 sieut
734 3445 978 3530 predecessores
1013 3445 1064 3509 sui
1092 3443 1226 3510 abbates
1256 3445 1402 3530 ejusdem
1428 3445 1491 3510 loci

290 3549 448 3614 decimam
477 3549 567 3613 illam
596 3546 797 3634 temporibus
829 3549 897 3613 suis
930 3547 1049 3614 habere
1078 3557 1328 3614 consueverunt.
1393 3549 1492 3612 Teste

290 3652 415 3738 meipso
429 3652 518 3737 apud
538 3650 867 3717 Westnronasterium
882 3651 992 3718 xxviii.
1005 3651 1058 3718 die
1073 3652 1166 3732 Maii,
1181 3673 1267 3716 anno
1282 3650 1373 3736 regni
1387 3650 1491 3716 nostri

293 3763 366 3820 vult

335 3859 406 3920 Rex
430 3855 638 3921 venatoribus
666 3857 733 3921 suis
758 3856 907 3941 proximo
930 3857 1076 3922 venturis
1102 3857 1137 3920 in
1155 3855 1312 3921 comitatu
1328 3854 1492 3919 Norham·

291 3958 380 4024 tonia
394 3959 435 4022 ad
450 3960 659 4025 venacionem
671 3959 716 4025 ibi
731 3959 932 4046 capiendam,
947 3959 1095 4025 salutem.
1141 3958 1227 4027 Quia
1242 3957 1380 4022 dilectus
1395 3957 1490 4022 nobis

291 4062 325 4126 in
343 4061 474 4126 Christo
489 4063 588 4128 abbas
604 4064 645 4129 de
661 4064 771 4149 Burgo
787 4063 890 4128 sancti
911 4063 999 4127 Petri
1013 4063 1131 4126 clamat
1144 4083 1204 4147 per
1217 4070 1322 4126 cartas
1339 4059 1491 4146 progeni·

291 4175 399 4230 torum
412 4173 598 4231 nostrorum
613 4187 725 4252 regum
739 4165 855 4252 Anglie
870 4163 988 4229 habere
1006 4163 1163 4229 decimam
1178 4161 1364 4228 venacionis
1379 4169 1491 4226 nostre
