3938 5022
665 621 875 667 csnosrcon
900 623 1227 670 rarnoauncsnsa.
1506 612 1548 669 99

349 767 501 854 magister
518 770 664 856 Rogems
687 773 848 857 quandam
872 773 1104 860 obligacionem
1125 775 1202 842 fecit
1223 776 1356 842 domino
1380 774 1488 840 abbati
1513 785 1548 840 et

349 873 526 937 conventui
540 874 597 938 tali
611 883 743 940 tenore:
744 913 788 923 —

127 972 217 1020 cauere
227 973 336 1035 11¹er
393 975 585 1040 Venerande
599 977 806 1061 religionis
776 999 856 1054 viro,
878 978 1010 1043 domino
1038 979 1200 1044 Richardo
1220 980 1285 1045 Dei
1310 979 1412 1066 gratia
1437 978 1547 1043 abbati

127 1039 325 1116 nitatiqmagistri

350 1076 390 1140 de
415 1077 526 1163 Burgo
552 1078 656 1142 saneti
682 1078 781 1157 Petri,
811 1089 845 1144 ct
870 1080 1016 1165 ejusdem
1042 1081 1105 1146 loci
1129 1081 1305 1148 conventui
1329 1082 1475 1167 Rogerus
1506 1080 1546 1144 de

233 1199 240 1215 ·
350 1180 572 1245 Rothewcllc
560 1181 643 1266 Juris
658 1181 826 1266 utriusque
841 1182 1005 1266 professor
1020 1182 1158 1246 salutem
1173 1203 1247 1246 cum
1263 1183 1353 1248 omni
1364 1183 1547 1247 reverencia

347 1283 539 1348 ethonore.
584 1281 743 1349 Quamvis
773 1282 940 1369 puplicum
967 1283 1011 1346 sit
1039 1292 1073 1347 et
1101 1284 1266 1348 notorium
1295 1284 1474 1349 Ecclesiam
1505 1284 1546 1349 de

348 1384 526 1470 Ketaringa
537 1384 706 1450 Lincolnie
722 1385 870 1464 diocesis,
879 1385 979 1450 vestri
989 1393 1193 1470 patronatus,
1204 1385 1244 1448 ad
1260 1407 1357 1471 quam
1369 1407 1421 1450 mc
1436 1386 1545 1450 divine

347 1487 489 1552 caritatis
504 1487 626 1552 intuitu
639 1486 816 1552 reverendo
839 1486 874 1550 in
895 1485 1027 1551 Christo
1049 1487 1145 1572 patri,
1160 1487 1293 1552 domino
1314 1487 1447 1551 Olivero
1465 1487 1545 1550 Lin-

348 1589 452 1654 colnie
474 1588 638 1674 episcopo,
663 1587 727 1652 loci
752 1587 924 1653 diocesano
953 1608 1056 1672 nuper
1079 1588 1290 1674 presentcstis
1320 1610 1378 1673 per
1406 1597 1546 1654 mortem

348 1688 511 1774 quondam
541 1687 665 1754 domini
694 1689 883 1755 Emanuelis
913 1691 953 1754 de
983 1689 1085 1755 Sauro
1108 1691 1216 1756 ultimi
1241 1691 1374 1756 rectoris
1398 1690 1545 1775 ejusdem

347 1792 480 1857 ecclesie
489 1791 781 1856 manifestevacare
789 1816 800 1871 3
822 1792 863 1856 ad
878 1813 1009 1856 omnem
1025 1803 1133 1858 tamen
1148 1794 1315 1857 materiam
1331 1791 1545 1857 dubitacionis

347 1904 382 1959 et
395 1902 502 1958 metus
516 1893 651 1979 periculi
665 1903 721 1959 aut
736 1894 880 1980 dampni,
896 1896 984 1981 quod
1006 1896 1040 1959 in
1062 1895 1123 1960 hac
1141 1903 1233 1979 parte
1249 1893 1376 1980 concipi
1401 1893 1546 1979 potuerit

347 2006 404 2061 aut
427 1997 701 2082 qualitercumque
727 1997 911 2082 excogitari,
926 1997 1054 2082 plenius
1077 1997 1328 2082 amputandam3
1355 1996 1427 2080 Ego
1454 2004 1546 2059 motu

347 2121 421 2166 meo
434 2101 578 2186 proprio,
590 2109 717 2186 sponte,
732 2122 813 2186 pure
827 2109 861 2165 et
882 2099 1041 2179 absolute,
1055 2099 1133 2164 licet
1154 2120 1196 2163 cx
1217 2097 1430 2177 habundanti,
1444 2099 1545 2162 offero

347 2213 381 2270 et
393 2204 551 2290 promitto
566 2225 618 2268 me
629 2225 689 2268 vos
703 2204 739 2268 in
753 2225 885 2268 omnem
896 2212 1049 2268 eventum
1065 2203 1106 2266 ab
1128 2201 1217 2266 omni
1232 2202 1387 2288 periculo,
1402 2201 1544 2284 dampno

345 2317 380 2374 et
401 2308 538 2393 jactura,
564 2327 625 2391 que
648 2315 682 2369 et
704 2328 801 2390 quam
822 2327 978 2390 processu
1001 2304 1157 2390 temporis
1183 2325 1242 2388 per
1267 2323 1488 2389 quoscumque
1513 2313 1547 2366 et

345 2409 496 2497 precipue
522 2429 581 2494 per
606 2407 745 2492 aliquem
759 2407 810 2472 rel
826 2406 962 2491 aliquos,
977 2405 1058 2484 vice,
1073 2396 1216 2483 nomine,
1231 2403 1283 2468 vel
1305 2425 1346 2470 ex
1360 2413 1452 2489 perte
1467 2405 1545 2469 dicti

345 2512 534 2577 Emanuelis
550 2510 673 2575 dudum
689 2517 866 2574 memorate
881 2509 1025 2588 ecclesie,
1049 2517 1087 2571 ut
1108 2507 1295 2594 predicitur,
1315 2507 1459 2588 rectoris,
1483 2506 1544 2572 sub

347 2635 549 2701 quocumque
571 2614 688 2692 colore,
704 2612 873 2678 occasione
895 2612 981 2676 dicte
999 2610 1254 2697 presentacionis
1276 2611 1317 2676 de
1331 2631 1384 2675 me
1398 2611 1482 2676 facte
1496 2610 1546 2674 in·

348 2739 473 2784 currere
487 2717 638 2803 possetis,
650 2739 708 2782 seu
723 2716 763 2782 de
777 2717 875 2795 facto,
887 2715 972 2802 quod
983 2714 1079 2794 absit,
1088 2714 1223 2779 forsitan
1232 2713 1421 2792 incurretis3
1436 2714 1544 2778 illesos

348 2829 381 2886 et
403 2821 595 2906 indempnes
622 2841 750 2905 semper
774 2842 811 2884 ac
833 2819 976 2884 totaliter
992 2827 1205 2884 servaturum.
1249 2818 1296 2882 Et
1309 2828 1347 2882 ut
1361 2818 1545 2902 expressius

348 2923 472 3004 dicam3
495 2923 646 3008 dampna,
662 2924 690 2987 si
704 2945 767 3008 qua
781 2923 864 2986 forte
879 2931 1031 3007 pretextu
1045 2921 1192 3005 ejusdem
1207 2920 1461 3004 presentacionis
1473 2939 1544 2983 mee

128 3032 190 3096 (sol.
203 3035 266 3084 cviii.
281 3038 332 3100 ν’.)
348 3025 622 3110 qualitercumque
637 3025 735 3089 modo
751 3024 791 3088 de
801 3023 904 3087 sacto
897 3022 1116 3099 incurreritis3
1107 3021 1172 3084 ·de
1186 3026 1200 3100 l
1209 3041 1282 3084 meo
1297 3020 1544 3097 resarciturum3

125 3127 199 3172 Anno
210 3127 317 3175 Domini.

125 3189 164 3236 ld⁰
164 3198 228 3238 .0000.
241 3192 312 3239 0000·

347 3139 382 3195 00
395 3127 489 3193 vobis
515 3148 612 3213 super
631 3127 754 3191 eisdem
777 3124 927 3209 dampnis
948 3122 1091 3208 plenarie
1115 3122 1354 3185 satisfacturum
1379 3119 1439 3184 sub
1459 3141 1545 3204 pena

123 3257 356 3317 gumoqmeo..
347 3255 404 3299 ..00
418 3231 573 3296 librarum
596 3229 835 3314 sterlingorum,
850 3227 891 3291 ad
907 3249 1004 3311 quam
1029 3223 1174 3289 vobis'
1150 3247 1176 3289 rr
1201 3223 1433 3302 committatur,
1456 3223 1543 3308 quod

346 3336 450 3416 absit3
474 3355 535 3420 pro
549 3342 659 3399 vestro
683 3333 840 3396 interesse
865 3330 900 3393 in
924 3330 987 3393 hoc
1012 3349 1090 3393 casu
1114 3347 1168 3391 me
1192 3335 1301 3412 preter
1322 3328 1543 3412 juramentum

346 3461 455 3505 meum
479 3437 655 3523 corporale,
672 3435 759 3521 quod
786 3453 884 3518 super
908 3432 995 3497 dicta
1018 3429 1232 3516 promissione
1247 3449 1319 3494 maa
1332 3429 1470 3494 fideliter
1484 3428 1543 3494 ob-

346 3543 521 3622 servanda3
540 3541 634 3606 vobis
647 3541 687 3603 ad
703 3547 814 3602 sancta
822 3536 887 3601 Dei
895 3533 1024 3622 prestiti
1039 3533 1211 3618 euangelia
1220 3543 1419 3619 spontaneus
1435 3531 1543 3616 obligo

345 3646 548 3734 presencium
564 3653 687 3709 tenore.
732 3641 900 3706 subiciens
923 3639 1057 3724 insuper
1071 3659 1123 3702 me
1142 3636 1360 3722 jurisdictioni
1376 3644 1409 3700 et
1431 3636 1544 3700 coher-

345 3752 431 3818 cioni
445 3752 676 3834 cujuscumque
687 3744 806 3830 judicis
830 3741 982 3808 ordinarii
1006 3763 1063 3806 seu
1087 3741 1235 3827 delegati,
1250 3761 1346 3824 quem
1360 3760 1419 3803 vos
1434 3739 1468 3802 in
1483 3739 1544 3804 hac

344 3861 436 3940 parte
461 3850 618 3916 duxeritis
640 3847 835 3934 eligendum,
861 3856 900 3910 ut
924 3843 1113 3930 hujusmodi
1135 3843 1236 3928 judex
1260 3865 1280 3906 a
1301 3841 1395 3907 vobis
1410 3841 1544 3922 electus,

345 3963 477 4020 ostenso
493 3952 555 4017 sibi
568 3953 786 4016 instrumento
801 3949 956 4036 presenti,
970 3957 1070 4035 prout
1092 3945 1277 4032 requisierit
1298 3945 1397 4030 hujus
1421 3943 1545 4029 negocii

346 4047 1545 4135 natura3unicamonitioneoctodierumtantumpremissa3adsolvendam

346 4160 440 4226 vobis
465 4157 643 4244 predictam
668 4156 840 4241 pecuniam
866 4156 1079 4219 ducentarum
1102 4153 1258 4217 librarum
1292 4151 1424 4215 nomine
1446 4147 1545 4214 vestri
