3812 5030
599 621 810 668 canonicos
830 624 1155 670 rarnosunoansa.
1437 612 1479 670 41

279 793 403 837 moram
433 772 564 838 trahens
594 793 652 858 per
680 783 746 838 tres
775 773 983 856 ebdomadas,
1008 787 1042 842 et
1071 799 1178 841 coram
1201 775 1354 862 predictis
1382 777 1479 861 justi·

278 873 383 939 ciariis
406 873 595 960 legebantur
609 885 695 941 carte
716 875 901 942 libertatum
928 889 963 943 et
984 888 1256 958 mementorum,
1278 887 1312 942 et
1331 887 1418 942 carta
1437 877 1477 942 de

278 978 434 1042 warennis
451 978 490 1043 de
517 977 710 1065 colingham
725 989 759 1044 et
781 979 983 1060 Fiskertona,
998 1003 1134 1066 quarum
1149 979 1350 1066 transcriptis
1366 978 1476 1064 petitis

277 1090 311 1144 et
326 1080 480 1165 optentis,
492 1090 579 1145 carte
594 1081 738 1166 predicte
753 1082 887 1148 allocate
897 1084 1039 1148 fuerunt.
1083 1083 1129 1148 Et
1143 1094 1256 1168 captus
1272 1082 1334 1146 fuit
1344 1081 1475 1167 quidam

277 1184 317 1247 de
345 1182 533 1248 hominibus
562 1182 688 1248 abbatis
703 1184 744 1248 de
758 1185 968 1270 Dhornthop,
984 1186 1141 1252 Ricardua
1168 1186 1309 1270 Canting
1331 1184 1475 1262 nomine,

275 1295 412 1351 rettatus
426 1286 606 1365 latrocinio,
621 1286 677 1371 qui
691 1287 803 1371 posuit
817 1309 852 1352 se
867 1310 965 1374 super
986 1290 1133 1373 patriam,
1149 1297 1183 1352 et
1205 1289 1407 1374 adjudicatus
1423 1297 1474 1352 eat

275 1387 316 1452 ad
331 1398 481 1469 mortem,
506 1411 543 1454 ac
562 1389 717 1466 liberatus
740 1410 798 1473 per
818 1389 1015 1474 justitiarios
1039 1389 1165 1454 ballivis
1191 1389 1317 1454 abbatis
1336 1389 1376 1453 ad
1402 1410 1472 1452 sus-

274 1491 495 1575 pendendum,
509 1501 543 1556 et
552 1491 626 1576 quia
640 1500 720 1555 tunc
734 1491 797 1554 fuit
811 1492 890 1556 hora
901 1493 993 1576 quasi
1009 1493 1204 1578 vespertina,
1213 1514 1279 1556 non
1295 1499 1473 1575 potuerunt

274 1593 434 1658 adducere
448 1615 524 1657 eum
539 1593 579 1656 ad
594 1594 701 1656 furcas
717 1593 757 1656 de
774 1592 978 1678 Colingham,
994 1592 1051 1657 sed
1073 1593 1238 1678 petierunt
1257 1592 1362 1655 furcas
1378 1589 1471 1675 regis,

273 1702 307 1759 et
321 1693 443 1758 ibidem
459 1715 638 1779 suspensus
653 1702 714 1772 est,
730 1703 763 1758 et
777 1694 892 1758 catalla
914 1717 972 1758 aua
994 1694 1177 1780 adjudicata
1191 1695 1324 1758 luerunt
1338 1691 1470 1754 domino

272 1796 392 1861 abbati.

316 1901 542 1966 Nonodecimo
564 1900 718 1966 kalendas
745 1901 920 1981 Februarii,
946 1902 1027 1968 obiit
1050 1901 1201 1968 dominus
1228 1899 1394 1964 Galfridus
1429 1897 1470 1961 de

272 2002 392 2068 Sancto
408 2004 578 2084 Medardo,
593 2015 627 2069 et
641 2005 694 2070 die
718 2005 821 2069 sancti
835 2005 971 2070 Antonii
985 2005 1019 2069 in
1041 2004 1176 2068 ecclesia
1197 2001 1299 2087 Burgi
1321 2000 1469 2085 sepultus

270 2117 338 2187 eat3
376 2119 453 2193 post
489 2109 582 2193 cujus
622 2108 792 2173 decessum
826 2117 917 2173 tenta
948 2109 1011 2172 luit
1047 2107 1134 2172 curia
1167 2107 1254 2192 apud
1288 2104 1468 2170 Tornhawe

268 2231 326 2295 per
355 2211 567 2276 senescallum
606 2210 742 2290 abbatis,
772 2211 824 2276 die
854 2211 1027 2276 Dominica
1058 2211 1205 2296 proxima
1237 2219 1314 2294 post
1347 2209 1468 2272 festum

269 2323 454 2379 sanctorum
471 2313 604 2378 Fabiani
623 2325 657 2378 et
681 2313 873 2394 sebastiani,
889 2337 975 2379 anno
990 2315 1080 2399 regni
1095 2313 1179 2399 regis
1202 2311 1353 2376 Edwardi
1368 2330 1468 2386 nono,

268 2426 301 2479 et
314 2415 434 2480 ibidem
451 2416 536 2481 facta
546 2417 609 2481 fuit
620 2417 791 2502 inquisicio
802 2439 861 2502 per
869 2417 1026 2502 quosdam
1039 2415 1251 2501 juratasquid
1267 2423 1467 2497 etquantum

267 2517 419 2583 dominus
437 2519 603 2584 Galfridus
628 2520 668 2584 de
684 2519 805 2585 Sancto
829 2518 989 2584 Medardo
1004 2517 1111 2582 tenuit
1125 2517 1166 2581 de
1192 2515 1324 2582 domino
1349 2513 1466 2578 abbate

268 2620 308 2684 de
333 2621 454 2706 Burgo,
469 2631 504 2686 et
527 2644 585 2707 per
608 2621 695 2706 quod
722 2621 904 2700 servicium,
919 2631 954 2686 et
976 2621 1049 2706 quis
1069 2619 1136 2684 'luit
1160 2619 1231 2703 ejus
1254 2615 1466 2703 propinquior

265 2721 370 2801 heres,
381 2733 415 2788 et
423 2725 516 2808 cuju
528 2723 623 2788 etatis
637 2723 691 2788 ille
705 2725 798 2789 heres
813 2726 885 2789 luit.
915 2725 982 2792 uui
997 2724 1149 2788 dixerunt
1160 2743 1218 2808 per
1229 2730 1464 2785 sacramentum

267 2846 361 2890 suurn
376 2826 463 2910 quod
490 2826 596 2890 dictus
617 2826 782 2892 Galfridus
805 2827 911 2892 tenuit
932 2827 966 2891 in
989 2826 1145 2892 comitatu
1170 2820 1407 2890 Norbamtonie
1429 2820 1464 2883 in

265 2927 427 2992 dominico
452 2929 486 2991 in
509 2928 688 2993 'Pornhawe
704 2937 738 2992 et
752 2928 959 2994 Wamesford
980 2930 1112 2995 feodum
1128 2931 1224 2992 unius
1240 2926 1361 3002 militis,
1381 2923 1463 2988 etin

265 3027 447 3115 witeringa
456 3031 551 3094 feoda
565 3031 704 3095 duorum
715 3031 866 3110 militum,
878 3033 955 3098 etin
969 3032 1140 3098 Sibertona
1151 3041 1185 3095 et
1196 3030 1320 3094 Ettona
1330 3027 1462 3091 feodum

266 3131 363 3194 unius
375 3132 496 3210 militis,
508 3143 541 3196 et
551 3133 627 3196 facit
637 3143 756 3196 sectam
766 3132 807 3196 ad
816 3135 936 3198 curiam
948 3135 988 3199 de
1000 3133 1113 3210 Castra
1123 3135 1162 3198 de
1173 3134 1217 3197 iii.
1227 3129 1416 3216 septimanis
1427 3127 1462 3191 in

266 3231 311 3296 iii.
327 3233 534 3318 septimanas.
578 3233 625 3297 Et
634 3233 774 3298 reddidit
788 3234 920 3300 domino
935 3235 1044 3300 abbati
1058 3257 1116 3321 per
1130 3257 1251 3300 annum
1266 3233 1307 3298 ad
1322 3231 1462 3296 wardam

266 3439 387 3504 solidos
396 3437 436 3502 ad
448 3438 566 3502 festum
579 3438 682 3504 sancti
694 3438 865 3504 Michaelis
875 3449 909 3505 et
919 3441 960 3504 ad
974 3440 1106 3506 Pascha.
1139 3441 1186 3505 Et
1194 3440 1234 3504 ad
1243 3440 1349 3504 visum
1361 3436 1462 3501 franci

263 3543 360 3628 plegii
375 3542 419 3607 .ii.
435 3541 555 3608 solidos
576 3543 615 3606 ad
642 3543 762 3608 festum
778 3542 880 3608 sancti
896 3543 1077 3622 Michaelis,
1093 3552 1126 3607 et
1140 3564 1200 3629 pro
1215 3541 1346 3606 essartis
1363 3539 1460 3604 ‚xviii

263 3645 411 3710 denarios
426 3644 468 3709 ad
487 3645 607 3708 festum
631 3643 734 3710 sancti
761 3645 943 3710 Michaelis.
987 3646 1040 3710 De
1062 3646 1180 3710 herede
1196 3646 1357 3723 dixerunt,
1373 3643 1461 3728 quod

262 3746 368 3812 dictus
393 3745 559 3811 Galfridus
595 3744 711 3810 habuit
745 3769 848 3810 unum
885 3747 988 3812 filium
1018 3749 1149 3814 nomine
1180 3747 1375 3823 Galfridum,
1405 3745 1461 3829 qui

261 3848 391 3912 vivente
406 3858 497 3933 patre
512 3847 606 3912 duxit
619 3869 766 3912 uxorem.
813 3848 877 3913 Hic
891 3850 1003 3935 genuit
1017 3851 1178 3935 quendam
1203 3849 1306 3913 filium
1329 3847 1460 3912 nomine

261 3948 467 4029 Nicholaum‚
493 3959 526 4014 et
550 3948 718 4014 Galfridua
743 3959 892 4015 mortuus
916 3961 968 4016 est
992 3962 1068 4016 ante
1100 3961 1225 4036 patrem
1253 3972 1359 4014 suum.
1415 3949 1461 4012 Et

260 4051 335 4136 quia
364 4051 470 4115 dictus
500 4051 668 4118 Gallridus
699 4053 807 4118 senior
831 4052 946 4118 habuit
975 4052 1068 4132 filias,
1093 4053 1320 4138 ignoraverunt
1349 4061 1460 4116 utrum

304 4173 419 4218 cano.
444 4174 519 4219 soc.
1264 4173 1286 4216 o
