3938 5022
651 625 864 675 cuaonrcon
882 629 1206 674 raraoaunoaxsa.
1492 616 1533 672 59

331 775 436 840 tocius
452 777 693 842 communitatis
708 780 865 864 ejusdem,
888 781 929 844 ad
952 801 1084 865 presens
1100 781 1313 865 proponimus
1333 780 1373 843 ad
1389 791 1533 844 nostram

332 887 365 941 et
379 879 484 942 tocius
499 880 588 965 regni
602 903 714 966 pacem
730 893 764 947 et
788 883 1052 968 tranquillitatem
1068 893 1269 968 perpetuam,
1295 883 1439 948 Domino
1456 904 1533 948 con·

332 981 476 1064 cedente,
492 983 630 1050 finaliter
644 988 838 1067 terminare,
854 987 1022 1052 comodius
1037 997 1071 1052 et
1086 987 1257 1053 decentius
1273 1008 1344 1052 esse
1360 985 1533 1072 perpendi·

332 1106 406 1147 mus
428 1087 515 1170 quod
531 1110 591 1168 nos
617 1088 722 1154 incole
748 1101 831 1154 terre
848 1101 957 1155 nostre
973 1091 1014 1154 ad
1028 1090 1175 1175 ipsorum
1201 1089 1361 1154 maliciam
1387 1089 1532 1154 totaliter

333 1188 561 1256 destruendam
585 1214 644 1277 pro
660 1194 825 1258 communi
846 1193 986 1258 utilitate
1004 1193 1169 1260 laboribus
1195 1203 1229 1260 et
1243 1195 1396 1280 expensis
1421 1193 1535 1277 fatige-

333 1314 406 1356 mur
429 1294 489 1360 hac
518 1295 600 1376 vice,
624 1297 699 1362 licet
728 1298 835 1362 honus
862 1297 990 1362 difficile
1014 1296 1181 1376 videatur3
1213 1320 1310 1382 quam
1345 1295 1534 1381 hujusmodi

333 1396 521 1478 turbatione
545 1422 603 1484 per
629 1401 800 1466 Walenses
830 1401 919 1485 ipsos
944 1424 1030 1464 nunc
1056 1401 1167 1464 habita
1191 1423 1249 1485 pro
1276 1401 1445 1464 voluntate
1475 1421 1534 1462 sua

334 1499 451 1563 futuris
466 1500 667 1585 temporibus
694 1501 838 1580 cruciari,
853 1512 952 1586 prout
974 1511 1120 1586 tempore
1144 1512 1257 1566 nostro
1284 1514 1317 1568 et
1332 1499 1533 1585 temporibus

334 1603 578 1686 progenitorum
614 1615 800 1671 metrorum
827 1605 964 1691 contigit
993 1605 1182 1670 manifeste:
1213 1605 1306 1670 vobis
1343 1604 1534 1676 mandamus

335 1715 495 1788 rogantes,
524 1705 689 1789 quatinus,
718 1706 935 1794 suffraganeos
962 1716 1088 1772 vestros
1118 1717 1180 1772 etc.
1209 1717 1248 1772 ut
1283 1727 1391 1791 supra,
1425 1703 1534 1768 venire

335 1806 460 1872 faciatis
478 1829 586 1874 coram
608 1809 704 1874 nobis
718 1809 806 1895 apud
822 1809 1095 1878 Norbamtoniam
1110 1810 1143 1874 in
1161 1809 1285 1876 octabis
1302 1807 1405 1873 sancti
1421 1805 1533 1882 Illarii‚

335 1910 387 1975 vel
402 1931 509 1974 coram
525 1909 675 1975 fidelibus
691 1911 811 1976 nostris
827 1933 909 1996 quos
927 1912 1045 1978 adhoc
1060 1913 1247 1978 duxerimus
1263 1910 1480 1998 deputandos,
1503 1920 1536 1974 et

335 2035 395 2077 vos
410 2014 531 2078 eisdem
548 2015 599 2078 die
615 2025 649 2079 et
673 2016 745 2081 loco
771 2015 927 2080 intersitis
950 2017 990 2082 ad
1006 2017 1166 2082 audienda
1192 2026 1226 2080 et
1252 2015 1397 2082 facienda
1421 2035 1458 2078 ea
1474 2033 1536 2097 que

336 2137 444 2201 prore
459 2117 589 2206 puplica
604 2115 697 2180 vobis
721 2127 754 2182 et
768 2117 815 2183 eis
831 2118 1005 2209 superbiis
1022 2118 1151 2182 ostendi
1165 2119 1331 2197 faciemus,
1353 2125 1387 2181 et
1398 2115 1438 2180 ad
1465 2135 1537 2199 pre-

336 2220 488 2284 standum
503 2219 597 2286 nobis
612 2220 784 2286 consilium
803 2231 838 2286 et
859 2222 1024 2306 juvamen,
1040 2221 1209 2307 presertim
1232 2243 1305 2286 curn
1321 2229 1438 2299 vestra,
1455 2218 1538 2282 sicut

337 2322 484 2402 aliorum,
499 2323 628 2388 intersit
649 2345 707 2408 per
731 2324 819 2409 quod
844 2324 1013 2409 negocium
1032 2325 1101 2408 jam
1116 2325 1282 2408 inceptum
1299 2322 1339 2386 ad
1354 2322 1482 2385 laudem
1505 2329 1539 2384 et

339 2424 496 2488 honorem
511 2424 575 2490 Dei
590 2434 624 2490 et
639 2425 879 2510 magnificencie
894 2435 1005 2492 nostre
1027 2427 1124 2506 fame,
1146 2448 1183 2492 ac
1202 2425 1308 2490 tocius
1330 2423 1419 2508 regni
1434 2422 1536 2486 nostri

339 2537 372 2592 ct
385 2528 499 2613 populi
513 2549 626 2612 pacem
642 2538 676 2593 et
687 2528 951 2614 tranquillitatem
968 2539 1159 2614 perpetuam
1183 2526 1347 2592 valcamus
1373 2527 1434 2591 hac
1456 2524 1538 2602 rice,

339 2641 437 2715 prout
465 2631 675 2711 intendimus,
705 2632 840 2698 feliciter
869 2655 1104 2699 consummare.
1159 2633 1258 2722 Teste
1291 2630 1416 2716 meipso
1453 2628 1540 2712 apud

340 2735 598 2814 llothelan,xaii.
614 2735 665 2800 die
681 2735 889 2816 Novembris,
904 2756 989 2802 anno
1005 2737 1095 2821 regni
1110 2735 1214 2800 nostri
1228 2734 1271 2798 xi.

385 2838 513 2906 Quibus
538 2837 590 2903 die
613 2849 646 2902 et
671 2838 742 2904 loco
768 2839 961 2924 supradictis
987 2850 1238 2924 comparuerunt
1261 2835 1397 2922 predicti
1426 2833 1541 2919 prelati

341 2963 449 3006 coram
479 2942 644 3025 predictis,
677 2940 793 3006 abbate
823 2941 1117 3020 Westmonasterii,
1146 2941 1265 3006 comita
1304 2936 1479 3014 Cornubie,
1509 2944 1542 2998 et

341 3047 364 3112 J
367 3044 495 3108 ohanne
510 3042 550 3106 de
571 3043 737 3128 Kerkeby,
752 3053 785 3108 et
800 3043 907 3127 exegit
929 3044 1032 3108 abeis
1058 3041 1211 3106 dominus
1235 3040 1305 3104 Rex
1322 3036 1542 3101 consiliumet

339 3150 495 3232 juramen
512 3145 572 3210 sub
588 3146 648 3210 bac
663 3147 777 3210 forma.

122 3259 187 3320 (sot.
198 3257 264 3307 sctit.
274 3259 320 3318 ve.)
386 3249 518 3330 [Prima
536 3248 654 3334 peticio
670 3247 794 3312 domini
808 3246 905 3330 Regis
915 3245 989 3324 fuit,
1000 3245 1087 3330 quod
1103 3243 1364 3328 archiepiscopus
1381 3249 1414 3306 et
1429 3239 1543 3303 suffra-

122 3367 306 3427 rarraropnma.
343 3355 436 3442 ganei
461 3355 522 3434 sui,
548 3375 676 3418 necnon
702 3350 817 3421 decani
842 3360 876 3414 et
901 3349 1042 3433 capitula
1068 3347 1275 3412 ecclesiarum
1301 3343 1543 3421 cathedralium,

343 3459 477 3524 abbates
501 3469 535 3522 et
556 3457 690 3542 priores,
716 3453 803 3518 illam
826 3451 1143 3538 quintamdecimam,
1164 3473 1228 3535 que
1251 3449 1383 3514 deberet
1403 3446 1486 3523 solvi
1508 3445 1542 3510 in

344 3565 428 3629 festo
460 3559 649 3629 Nativitatis
690 3557 777 3621 beati
807 3555 969 3621 Johannis
999 3555 1148 3640 Baptista
1178 3553 1327 3638 proximo
1356 3552 1465 3624 futuro
1503 3550 1543 3613 de

344 3665 484 3734 triennio
514 3664 605 3749 prius
635 3683 833 3742 concessam,
865 3659 1031 3724 solventur
1054 3659 1138 3724 infra
1161 3656 1344 3743 quindecim
1370 3655 1439 3720 dies
1466 3664 1543 3739 post

348 3769 607 3840 purificationem
621 3765 714 3830 beate
730 3764 884 3848 Virginis.

389 3875 442 3939 Ad
469 3895 566 3958 quam
582 3871 777 3957 peticionem
793 3869 855 3932 fuit
870 3865 1052 3932 communis
1067 3863 1236 3950 responsio
1257 3863 1403 3932 omnium
1419 3860 1544 3945 predic-

347 3991 455 4043 torum
483 3977 580 4061 quod,
605 3975 681 4040 licet
702 3971 862 4059 preteritis
889 3968 1089 4054 temporibus
1113 3989 1171 4052 per
1194 3989 1292 4033 onera
1318 3965 1380 4032 sibi
1405 3963 1546 4048 inposita

347 4079 444 4146 nimis
456 4089 566 4148 essent
577 4079 709 4162 gravati,
722 4087 831 4142 tamen
843 4085 881 4139 ut
892 4075 994 4158 magis
1006 4072 1171 4160 placerent
1181 4071 1215 4133 in
1231 4077 1408 4154 conspectu
1423 4065 1546 4142 domini
