3812 5030
669 601 884 646 onnonrcon
902 603 1228 648 rsrnonunoansu.
1502 585 1552 662 57Δ

343 747 490 814 monium
513 752 655 836 presenti
678 753 799 839 scripto
824 755 964 839 sigillum
990 770 1098 820 meum
1123 755 1271 841 apposui.
1317 755 1439 817 Datum
1459 755 1547 818 Lon-

345 852 451 918 doniis
465 853 499 918 in
514 855 598 919 festo
614 857 717 922 sancti
732 857 885 938 Dionisii,
900 881 986 922 anno
1000 859 1136 924 Domini
1153 857 1387 922 M⁰cc⁰lxxxii⁰.

388 957 484 1020 Dicte
507 979 584 1022 vero
610 959 810 1043 aquietancie
827 960 1075 1026 differrebantur
1098 961 1139 1026 ad
1163 961 1286 1026 curiam
1314 961 1438 1025 domini
1464 961 1547 1046 regis

345 1067 424 1123 tunc
435 1061 522 1145 apud
538 1061 896 1142 Rothelan'existentis‚
911 1073 945 1128 et
958 1064 1173 1128 remanentin
1188 1062 1383 1128 warderoba.
1418 1063 1548 1130 Quibus

345 1161 501 1242 allocatis,
530 1185 686 1228 concessa
714 1173 766 1228 cst
794 1165 904 1230 littera
932 1166 1134 1250 aquietancie
1161 1167 1202 1230 de
1232 1177 1315 1244 toto,
1346 1165 1407 1230 sub
1442 1167 1547 1252 sigillo

345 1263 469 1328 domini
484 1265 580 1350 regis,
595 1265 656 1330 rub
680 1267 740 1331 hac
756 1268 859 1332 forma
872 1269 1107 1334 :-Edwardus
1122 1269 1187 1334 Dei
1208 1269 1311 1354 gratia
1327 1270 1399 1333 Rex
1420 1270 1546 1354 Anglie‚

345 1375 407 1432 etc.
453 1368 617 1433 Omnibus
644 1370 686 1434 ad
716 1393 798 1454 quos
824 1381 992 1456 presentes
1019 1372 1127 1436 littere
1153 1372 1371 1456 pervenerint,
1401 1373 1549 1437 salutem.

346 1471 463 1536 Sciatis
478 1474 566 1557 quod
581 1474 718 1538 dilectus
733 1473 829 1538 nobis
851 1475 884 1536 in
899 1474 1031 1539 Christo
1047 1474 1147 1539 abbas
1162 1477 1202 1540 de
1218 1476 1328 1560 Burgo
1344 1476 1446 1540 sancti
1463 1477 1550 1541 Petri

346 1574 445 1638 solvit
458 1574 554 1639 nobis
570 1576 622 1641 die
644 1577 819 1642 Dominica
829 1576 977 1662 proxima
991 1587 1069 1662 post
1082 1577 1203 1641 festum
1215 1577 1399 1663 Epiphanio
1414 1579 1550 1643 Domini

346 1697 432 1740 anno
446 1679 590 1762 presenti
611 1701 670 1763 per
684 1701 800 1743 manus
815 1679 994 1745 Bouruncii
1009 1679 1146 1744 Walteri
1161 1691 1195 1744 et
1209 1679 1346 1745 Henrici
1368 1681 1408 1745 de
1435 1681 1549 1758 Podio,

347 1789 562 1846 mercatorum
578 1783 619 1846 de
634 1783 739 1862 Luka,
765 1783 922 1848 ducentas
937 1793 972 1848 et
990 1783 1222 1868 quinquaginta
1236 1806 1371 1864 marcas,
1396 1805 1455 1870 per
1470 1806 1550 1868 quas

346 1882 446 1948 finem
460 1885 538 1949 fecit
547 1885 721 1951 nobiscum
736 1907 795 1970 pro
811 1885 946 1950 servicio
962 1885 1104 1971 quinque
1119 1886 1288 1950 feodorum
1300 1885 1452 1964 militum,
1462 1885 1550 1969 quod

348 1985 453 2051 nobis¹
467 1987 656 2073 recognovit
678 2010 738 2073 pro
760 1989 904 2053 exercitu
930 1997 1043 2052 nostro
1069 1988 1198 2067 Wallie,
1223 2009 1309 2052 anno
1331 1987 1422 2073 regni
1447 1989 1551 2051 nostri

349 2089 484 2155 decimo.
530 2091 582 2155 De
608 2090 725 2176 quibus
741 2091 872 2176 quidem
887 2090 1035 2156 ducentis
1050 2100 1084 2154 et
1099 2090 1332 2175 quinquaginta
1348 2091 1463 2157 marcis
1478 2115 1551 2177 pre·

347 2192 451 2257 fatum
467 2191 617 2258 abbatem
642 2203 756 2259 tenore
770 2195 976 2280 presencium
991 2192 1186 2278 quictamus.
1232 2194 1273 2257 In
1289 2197 1382 2280 cujus
1397 2196 1443 2261 rei
1459 2198 1551 2260 testi-

348 2295 494 2360 monium
510 2297 569 2362 has
583 2297 707 2362 litteras
722 2309 850 2363 nostras
867 2299 935 2363 fieri
949 2298 1085 2361 fecimus
1107 2305 1267 2380 potentes.
1312 2299 1410 2363 Teste
1426 2300 1551 2383 meipso

348 2399 436 2485 apud
451 2400 624 2480 Rothelan,
646 2423 678 2466 x.
694 2401 746 2466 die
769 2401 927 2479 Januarii,
951 2420 1037 2463 anno
1051 2397 1142 2482 regni
1157 2399 1260 2462 nostri
1275 2399 1319 2462 xi.
1366 2400 1428 2464 Per
1440 2400 1551 2465 biliam

349 2503 390 2568 de
406 2505 601 2569 warderoba.

394 2606 464 2670 Ista
478 2607 678 2692 aquietancia
701 2608 801 2674 estin
816 2607 965 2674 custodia
975 2604 1182 2671 Thesaurarii
1198 2605 1309 2690 Burgi.

394 2711 457 2778 Die
479 2712 616 2778 Veneris
635 2713 784 2799 proxima
807 2722 883 2778 ante
898 2713 1019 2776 festum
1043 2719 1154 2775 sancte
1176 2709 1276 2774 Lucie
1296 2709 1440 2792 virginis,
1462 2711 1552 2796 regni

350 2815 449 2902 Regis
478 2817 649 2882 Eadwardi
680 2840 766 2882 anno
797 2817 936 2894 decimo,
965 2815 1056 2880 venit
1080 2813 1239 2878 Leulinus
1254 2813 1405 2898 princeps
1435 2814 1553 2879 Wallie

348 2919 383 2982 in
414 2929 499 2986 terra
524 2942 587 3005 que
612 2920 676 2984 fuit
702 2921 821 3005 Rogeri
844 2921 885 2984 de
912 2920 1103 2991 Mortemer‚
1134 2917 1169 2980 in
1196 2917 1332 3000 quadam
1361 2917 1465 3000 patria
1489 2939 1552 3001 que

348 3035 483 3090 vocatur
493 3023 707 3110 Woryemon,
717 3025 803 3088 inter
818 3023 979 3108 quandam
995 3019 1161 3085 abbaciam
1178 3019 1403 3083 Cisterciensis
1418 3019 1552 3098 ordinis,

349 3129 442 3212 cujus
457 3148 578 3192 nomen
592 3135 644 3191 est
659 3126 803 3204 (tamnu,
830 3135 864 3190 et
879 3124 1041 3209 quandam
1055 3122 1166 3186 villam
1190 3121 1321 3184 nomine
1337 3120 1553 3199 Ynlanmake,

350 3254 424 3298 cum
439 3231 538 3295 viiiv.
552 3229 742 3296 hominibus
757 3227 978 3313 equitantibus
993 3235 1028 3290 ct
1041 3225 1122 3289 vitm.
1137 3223 1303 3309 peditibus
1326 3224 1367 3288 ad
1378 3223 1552 3309 capiendos

349 3332 511 3412 homines,
522 3331 577 3418 qui
592 3329 853 3415 fueruntRogeri
868 3329 908 3393 de
920 3329 1102 3391 Mortemer
1110 3325 1260 3411 predicti.
1301 3327 1346 3390 Et
1357 3345 1552 3410 supervene-

350 3447 427 3503 runt
438 3445 625 3524 gamesturc
641 3435 682 3500 de
696 3433 919 3519 Mungumery
933 3441 967 3496 et
979 3430 1217 3509 Blancmoster,
1226 3427 1389 3510 videlicet,
1400 3428 1552 3494 dominus

351 3543 498 3627 Rogatus
521 3541 552 3605 le
567 3539 729 3624 Estrangc
751 3537 939 3623 capitaneus
963 3555 1021 3620 per
1035 3555 1144 3618 regem
1169 3533 1380 3611 constitutus,
1400 3531 1552 3597 dominus

351 3645 521 3710 Johannes
537 3642 694 3721 Giffarde‚
712 3651 779 3706 tres
794 3639 852 3704 filii
868 3639 992 3704 domini
1008 3637 1127 3722 Rogeri
1143 3636 1183 3700 de
1199 3636 1389 3714 Mortemer‚
1416 3635 1481 3700 duo
1497 3635 1554 3699 filii

352 3747 474 3814 domini
486 3745 833 3824 GriffiniWonenwen,
843 3742 995 3809 dominus
1004 3741 1027 3806 J
1028 3741 1173 3804 ohannes
1182 3739 1212 3804 le
1224 3739 1553 3824 Estrange‚dominus

352 3853 468 3916 Petrus
480 3850 613 3930 Corbet,
623 3849 775 3914 dominus
785 3846 982 3930 Reginaldus
991 3843 1078 3908 filius
1092 3841 1189 3920 Petri,
1199 3841 1351 3906 dominus
1362 3841 1554 3927 Radulphus

353 3955 470 4020 Basset
484 3954 525 4018 de
539 3954 720 4040 Draytona‚
729 3951 882 4016 dominus
892 3949 1017 4035 Symon
1031 3947 1148 4011 Basset
1160 3945 1200 4010 de
1217 3945 1385 4031 Sapecote,
1401 3945 1554 4010 dominus

353 4055 500 4119 Andreas
515 4054 556 4118 dc
570 4053 734 4138 Esteleye.
749 4074 823 4117 cum
838 4060 911 4117 toto
925 4069 1023 4137 posse
1039 4049 1196 4132 Marchyc
1212 4047 1387 4111 Walcnsis.
1426 4046 1466 4110 In
1481 4047 1554 4112 loco

353 4155 578 4242 prenominato
594 4153 808 4221 obviaverunt
823 4153 988 4220 Lewelino
1008 4159 1043 4215 et
1056 4148 1270 4233 complicibus
1286 4149 1354 4212 suis
1369 4148 1449 4211 hora
1464 4149 1555 4231 quasi

385 4281 502 4326 cauo.
519 4277 593 4325 soc.
1368 4271 1382 4314 1
