3894 5024
669 652 882 698 onaomcon
899 653 1227 698 rnrnosuaonnss.
1489 641 1550 698 129

350 803 549 867 Eustachius
571 803 742 869 admittere
771 804 952 884 recusavit3
975 813 1009 870 et
1036 804 1120 890 petit
1145 803 1305 890 judicium
1335 804 1375 870 de
1404 804 1550 889 predicto

350 904 541 984 Eustochio,
567 906 703 990 qualiter
732 928 752 970 a
781 907 869 970 ouria
897 907 1045 972 recedere
1071 905 1188 972 debeat
1212 928 1253 970 ex
1277 928 1342 991 quo
1370 907 1550 993 predictam

349 1007 601 1073 verificationem
623 1009 793 1074 rccrrsavit.
837 1009 884 1073 Et
914 1031 1012 1095 super
1039 1011 1103 1076 hoc
1133 1009 1229 1074 datus
1258 1019 1309 1074 est
1338 1010 1386 1075 eis
1416 1010 1485 1075 dies
1508 1009 1550 1076 de

350 1110 511 1178 audiendo
522 1111 657 1196 judicio,
683 1135 702 1176 a
717 1112 769 1176 die
785 1113 910 1178 Pcsche
924 1113 957 1177 in
982 1135 1084 1177 unum
1100 1135 1257 1193 mensem,
1272 1123 1311 1178 ut
1324 1123 1403 1178 tunc
1417 1113 1550 1180 videant

350 1210 495 1276 Berones
525 1212 565 1277 de
605 1213 772 1278 scaccario
802 1214 988 1298 cujusmodi
1024 1213 1202 1279 verificatio
1243 1214 1385 1298 pertinet
1423 1215 1458 1279 in
1487 1215 1550 1280 hoc

349 1333 437 1392 casu,
453 1313 521 1377 sive
545 1335 603 1397 per
625 1314 781 1392 rotulum,
796 1314 865 1378 sive
891 1336 950 1398 per
972 1314 1128 1399 patriam3
1152 1314 1193 1378 ad
1209 1336 1306 1398 quem
1329 1315 1415 1382 diem
1440 1326 1550 1401 partes

349 1425 509 1480 venerunt
524 1425 558 1478 et
576 1414 700 1479 habent
722 1415 809 1479 diem
831 1415 968 1480 ulterius
983 1437 1002 1479 a
1017 1415 1070 1479 die
1088 1426 1199 1481 sancte
1213 1417 1382 1482 Trinitatis
1406 1417 1441 1482 in
1456 1419 1550 1503 quin·

350 1516 455 1582 decim
480 1517 561 1595 dies,
587 1538 682 1601 prece
707 1517 865 1602 parcium.
907 1518 961 1583 Ad
982 1539 1079 1603 quem
1099 1518 1185 1583 diem
1207 1528 1316 1602 partes
1331 1531 1502 1600 venerunt,
1517 1531 1551 1586 et

350 1619 445 1683 datus
461 1618 523 1683 luit
537 1619 584 1683 eis
599 1619 668 1692 dies
682 1641 741 1704 per
757 1620 902 1686 Berones
918 1644 938 1685 a
952 1621 1005 1685 die
1020 1621 1125 1685 sancti
1137 1621 1310 1685 Michaelis
1324 1621 1360 1686 in
1372 1631 1438 1686 tres
1451 1623 1551 1707 septi·

349 1743 473 1786 manas.
516 1721 571 1786 Ad
592 1743 690 1806 quem
714 1721 801 1788 diem
824 1722 924 1788 abbas
947 1745 1006 1809 per
1031 1732 1231 1787 attornatum
1257 1745 1353 1788 suum
1387 1723 1489 1806 venit,
1518 1735 1552 1789 et

349 1823 515 1908 predictus
540 1823 738 1887 Eustachius
762 1846 829 1889 non
859 1834 911 1890 est
934 1846 1080 1910 presens.
1125 1825 1206 1890 Ideo
1222 1825 1463 1890 consideratum
1488 1826 1552 1892 fuit

351 1927 439 2011 quod
464 1925 630 2011 predictus
655 1924 756 1990 abbas
779 1926 841 1992 iret
866 1928 935 1993 sine
959 1927 1024 2006 die,
1042 1935 1077 1992 et
1100 1926 1266 2013 predictus
1293 1926 1492 1993 Eustachius
1518 1939 1552 1993 ct

350 2028 448 2115 plegii
462 2028 513 2093 sui
528 2028 569 2093 de
583 2029 810 2113 prosecutione
824 2030 859 2094 in
874 2029 1103 2110 misericordia,
1119 2039 1181 2096 etc.

131 2145 328 2213 (solerem)
396 2130 538 2212 [Coram
564 2131 716 2196 Jcbanne
739 2133 779 2197 de
801 2133 1007 2219 Motingham
1033 2142 1068 2198 et
1093 2133 1189 2198 sociis
1215 2133 1490 2230 suisujustioiariis
1511 2133 1551 2199 de

133 2464 266 2511 londonie.

354 2234 477 2315 Banoo,
491 2257 578 2298 anno
592 2234 684 2320 regni
697 2235 794 2321 Regis
809 2236 961 2302 Edwardi
976 2235 1035 2300 filii
1050 2235 1186 2300 Henrici
1201 2235 1299 2321 Regis
1314 2236 1551 2318 decimonono,

353 2346 486 2402 stanno
501 2336 637 2402 Domini
653 2337 772 2402 M⁰c⁰o⁰
786 2339 1007 2423 nonagesimo.

397 2439 547 2519 Isabella,
558 2461 621 2524 que
635 2440 699 2504 fuit
712 2462 795 2506 uxor
807 2440 943 2506 Henriei
955 2440 995 2504 de
1007 2438 1176 2524 Frowyke,
1185 2439 1268 2523 petit
1276 2460 1391 2503 versus
1401 2437 1551 2506 abbatem

353 2543 394 2607 de
413 2542 524 2628 Burgo
540 2541 644 2606 sancti
665 2542 753 2607 Petri
775 2542 905 2607 tertiam
927 2551 1053 2628 partem
1076 2541 1173 2605 unius
1199 2541 1355 2626 mesuagii
1381 2563 1455 2606 cum
1479 2563 1552 2628 per-

351 2645 498 2711 tinentiis
513 2645 548 2710 in
564 2644 745 2710 Londoniis
761 2655 799 2710 ut
814 2646 935 2725 dotem,
950 2655 1013 2710 etc.

396 2748 443 2812 Et
464 2747 564 2813 abbas
585 2747 677 2813 venit
700 2771 758 2834 per
779 2757 991 2828 adornatum,
1006 2757 1068 2814 etc.
1112 2747 1159 2811 Et
1182 2747 1369 2812 concordati
1396 2758 1473 2814 sunt
1495 2771 1553 2834 per

352 2849 528 2914 licentiam.
571 2849 618 2912 Et
636 2859 687 2913 est
701 2850 873 2915 concordia
894 2849 979 2930 talis,
995 2850 1083 2935 quod
1105 2849 1251 2933 predicta
1270 2849 1409 2914 isabella
1428 2851 1553 2915 remisit

353 2960 388 3017 et
402 2952 548 3036 quietum
563 2951 715 3016 clamavit
733 2953 879 3036 predicto
901 2952 1011 3016 abbati
1033 2961 1067 3016 et
1089 2952 1328 3016 successoribus
1353 2951 1421 3016 suis
1445 2962 1553 3016 totum

348 3053 406 3136 jus
427 3061 461 3117 et
483 3051 634 3116 clamium
650 3053 738 3136 quod
760 3053 874 3118 habuit
899 3053 1031 3117 nomine
1047 3052 1132 3116 dctis
1156 3053 1191 3116 in
1216 3053 1363 3137 predicto
1387 3053 1552 3136 mesuagio

354 3175 429 3219 cum
446 3153 656 3239 pertinenciis
678 3155 712 3217 in
727 3164 931 3240 perpetuum.
977 3154 1023 3219 Et
1045 3174 1105 3240 pro
1127 3154 1188 3219 hac
1210 3163 1272 3220 etc.
1287 3153 1388 3218 abbas
1403 3155 1460 3219 dat
1480 3176 1553 3240 pre·

354 3257 440 3322 dicte
456 3255 594 3322 Isabelle
609 3279 711 3321 unum
727 3258 925 3342 spervarium
941 3277 1063 3336 sorum,
1078 3266 1139 3321 etc.

398 3359 589 3425 Invenietur
602 3359 637 3422 in
653 3359 791 3424 termino
810 3359 912 3424 sancti
924 3359 1065 3438 Hillarii,
1080 3381 1167 3424 anno
1182 3359 1273 3444 regni
1288 3358 1386 3442 Regis
1401 3357 1553 3422 Edwardi

353 3463 432 3529 xis.
447 3463 482 3527 in
496 3462 603 3526 rotulo
619 3462 755 3527 onnus.
770 3483 877 3527 coram
889 3461 1077 3548 justiciariis
1093 3462 1133 3526 de
1148 3463 1260 3526 Banco
1275 3461 1399 3526 domini
1415 3462 1524 3547 Regis.

397 3567 508 3631 Primo
522 3565 678 3652 placitum
694 3565 758 3630 fuit
771 3564 805 3628 in
822 3563 995 3649 Hustengo
1010 3563 1276 3643 Londoniarum;
1292 3573 1326 3628 et
1339 3573 1464 3649 postea,
1479 3563 1555 3648 quia

353 3669 447 3734 heres
461 3676 598 3732 vocatus
618 3667 680 3731 fuit
701 3666 743 3730 ad
757 3673 934 3730 warentum
957 3665 997 3728 de
1019 3672 1206 3728 tenemento
1229 3673 1320 3729 extra
1334 3664 1498 3729 civitatem
1521 3673 1555 3728 et

352 3791 465 3835 eorum
480 3776 688 3854 potestatem,
703 3765 885 3854 ponebatur
898 3766 933 3830 in
949 3766 1060 3832 Banco
1076 3787 1183 3830 coram
1195 3765 1393 3850 justiciariis.

395 3871 509 3934 Assisa
519 3879 613 3956 capta
628 3871 714 3955 apud
730 3869 925 3935 Staunforde
938 3869 974 3932 in
986 3867 1094 3954 vigilia
1110 3867 1213 3933 sancti
1228 3868 1317 3934 Petri
1330 3868 1365 3932 in
1381 3867 1553 3948 Cathedra,

261 3983 266 3994 '
352 3991 439 4036 anno
462 3973 554 4056 regni
580 3973 679 4056 Regis
701 3972 852 4038 Edwardi
868 3971 957 4036 xxii.
974 3993 1082 4036 coram
1104 3969 1260 4056 magistro
1282 3971 1354 4036 Ada
1373 3971 1414 4036 de
1430 3969 1553 4036 Crulre·

353 4074 458 4160 dayke
473 4083 507 4137 et
521 4073 688 4138 Willelmo
704 4075 786 4157 lnge
797 4073 985 4158 justiciariis
1001 4072 1042 4136 ad
1057 4072 1120 4138 hoc
1134 4072 1317 4156 assignatis,
1332 4083 1394 4138 etc.

396 4175 509 4240 Assisa
528 4173 619 4240 venit
642 4196 872 4260 recognoscere
902 4176 930 4240 si
952 4173 1052 4240 abbas
1076 4175 1116 4240 de
1143 4174 1254 4259 Burg'o
1281 4174 1385 4238 sancti
1411 4171 1499 4238 Petri
1520 4180 1554 4236 et

390 4299 507 4342 canu.
525 4296 599 4342 soc.
1363 4299 1378 4338 s
