3894 5024
416 605 477 670 les
734 621 948 668 onnonroorr
965 617 1293 666 rennosunorusr.

413 773 522 840 tschio
559 771 749 840 Msleberbe
787 773 948 860 Burgensi
983 772 1234 851 Norbamtonie‚
1270 791 1370 856 quere
1402 792 1478 838 cum
1515 773 1615 838 iide'm

412 875 588 959 burgenses
604 874 705 961 quieti
730 897 802 941 esse
817 876 958 941 debeant
983 884 1017 940 et
1041 875 1199 940 hactenus
1225 873 1328 959 quieti
1351 874 1550 940 exstiterunt
1573 877 1615 942 de

411 978 563 1046 theloneo
577 1000 636 1063 per
650 988 756 1044 totum
773 983 906 1065 regnum
921 979 1031 1064 Regis,
1046 978 1145 1044 iidem
1160 975 1272 1042 Abbus
1287 987 1321 1042 et
1335 976 1447 1043 ballivi
1462 979 1513 1044 sui
1526 1001 1615 1044 nunc

411 1079 546 1165 exigunt
580 1081 622 1146 sb
651 1082 766 1148 eodem
795 1083 974 1149 Eustachio
999 1081 1188 1147 theloneum
1218 1101 1278 1166 pro
1305 1081 1516 1147 mercandisis
1546 1082 1614 1146 suis

411 1184 654 1250 trsrrseuntibus
669 1207 728 1272 per
753 1186 897 1252 medium
913 1183 1015 1271 Burgi
1040 1184 1145 1250 suncti
1161 1183 1261 1263 Petri,
1286 1193 1320 1248 et
1344 1183 1455 1269 ipsum
1470 1207 1508 1250 es
1523 1207 1614 1250 occe·

410 1286 501 1353 sione
517 1289 569 1354 die
584 1290 758 1356 Dominice
779 1291 929 1376 proxime
952 1298 1030 1375 post
1053 1289 1175 1353 festum
1190 1287 1294 1352 suncti
1317 1286 1501 1368 Michaelis,
1526 1311 1613 1355 enno

409 1390 501 1475 regni
527 1390 624 1477 Regis
647 1414 736 1457 nunc
757 1413 812 1457 xv.
828 1390 1091 1470 devediaverunt,
1115 1399 1149 1455 et
1173 1390 1267 1456 rodis
1291 1411 1350 1454 sus
1374 1390 1494 1477 injuste
1508 1392 1615 1458 adhuc

411 1493 558 1560 detinent
571 1503 610 1559 ut
624 1494 713 1576 dicit,
738 1505 773 1560 et
793 1495 882 1560 unde
895 1494 983 1560 idem
997 1493 1195 1558 Eustochius
1219 1493 1356 1578 protulit
1381 1515 1489 1559 comm
1511 1495 1613 1560 Baro·

409 1595 506 1662 nibus
521 1607 642 1662 comem
657 1598 781 1663 domini
797 1597 932 1663 Henrici
958 1597 1068 1682 Regis,
1082 1597 1183 1682 petris
1199 1596 1297 1682 Regis
1312 1619 1409 1676 nunc,
1433 1619 1491 1682 per
1514 1620 1611 1684 quam

409 1699 497 1764 idem
512 1700 664 1766 dominus
679 1701 750 1764 Rex
765 1699 927 1765 concessit
948 1700 1038 1784 quod
1061 1699 1160 1763 iidem·
1175 1698 1351 1783 burgenses
1366 1700 1467 1785 quieti
1482 1701 1549 1766 sint
1571 1701 1612 1766 de

409 1801 562 1870 theloneo
577 1809 612 1865 et
625 1801 761 1886 lasugio
776 1822 834 1886 per
849 1810 953 1866 totum
972 1799 1135 1885 Angliem,
1150 1808 1184 1864 et
1198 1811 1313 1884 portus
1327 1800 1436 1866 nieris.
1480 1803 1533 1867 De
1547 1825 1612 1889 quo

409 1903 539 1988 quidem
565 1903 717 1969 theloneo
740 1905 898 1969 hactenus
921 1902 1023 1988 quieti
1048 1901 1229 1967 extiterunt
1253 1904 1413 1989 usquead
1438 1903 1525 1970 diem
1539 1927 1611 1991 pre-

409 2005 543 2086 dictum,
558 2027 623 2091 quo
639 2006 690 2070 die
706 2006 812 2070 dictus
827 2005 940 2071 Abbes
952 2015 987 2070 et
999 2004 1109 2070 bellivi
1125 2005 1175 2069 sui
1190 2004 1379 2071 theloneum
1394 2004 1435 2072 eb
1450 2029 1490 2073 eo
1505 2008 1611 2094 exige-

408 2115 486 2174 runt
509 2118 544 2174 et
571 2123 631 2193 pro
664 2109 817 2174 theloneo
842 2131 902 2194 per
926 2107 1146 2173 extorsionem
1170 2108 1423 2175 devedisrerunt
1448 2111 1490 2175 od
1514 2133 1611 2196 greve

409 2210 587 2295 dampnum
602 2221 663 2276 etc.
680 2221 713 2280 et
727 2212 791 2277 hoo
805 2220 938 2297 paratus
953 2220 1004 2276 est
1017 2209 1183 2276 verificare
1197 2210 1336 2295 qualiter
1349 2220 1413 2278 etc.

452 2315 498 2382 Et
511 2315 677 2401 predictus
691 2313 791 2380 abbas
805 2336 864 2400 per
878 2315 1011 2380 fratrem
1025 2313 1229 2379 Willelmum
1245 2312 1285 2378 de
1296 2313 1496 2381 Wodeforde
1510 2323 1610 2382 ottor-

407 2426 522 2484 nstum
537 2441 634 2484 suum
648 2417 739 2484 venit
762 2429 796 2484 et
818 2417 1000 2503 dicitquod
1019 2416 1142 2480 nullam
1157 2415 1307 2502 injuriam
1323 2417 1354 2482 ei
1367 2417 1453 2498 fecit,
1468 2440 1508 2484 eo
1522 2419 1611 2505 quod

407 2519 533 2588 invenit
546 2521 714 2586 ecclesium
724 2543 816 2584 suam
828 2519 972 2585 scisitam
984 2519 1025 2584 de
1035 2518 1216 2584 Theolonio
1230 2519 1389 2604 predicto,
1399 2528 1468 2586 tum
1482 2521 1523 2587 de
1537 2545 1611 2608 pre·

408 2621 502 2688 dictis
529 2621 752 2707 Burgensibus
771 2645 868 2707 quum
883 2622 924 2687 de
947 2619 1100 2686 omnibus
1126 2620 1197 2685 aliis
1212 2643 1286 2686 curn
1311 2624 1520 2708 mercandisis
1543 2625 1611 2692 suis

407 2744 466 2810 per
490 2724 634 2789 medium
664 2723 766 2809 Burgi
790 2723 926 2809 predicti
950 2721 1206 2788 transeuntibus.
1249 2722 1341 2789 Dicit
1363 2725 1498 2812 insuper
1521 2729 1610 2814 quod

408 2825 556 2912 Bdgarus
572 2827 643 2892 Rex
656 2826 774 2912 Anglie
788 2847 847 2911 per
861 2835 982 2892 certum
997 2847 1100 2905 susm,
1115 2847 1213 2911 quam
1238 2834 1318 2892 tunc
1333 2829 1478 2893 ostendit
1500 2851 1609 2896 coram

408 2930 604 3012 Beronibus,
619 2931 781 2998 concessit
794 2929 917 2996 Abbati
932 2929 1011 2996 dicti
1024 2929 1088 2996 loci
1106 2939 1140 2995 et
1162 2931 1402 2997 suecessoribus
1418 2933 1484 2998 suis
1499 2933 1610 3000 Abbo-

406 3033 496 3102 tibus
509 3035 733 3101 'I'heoloneum
754 3034 888 3114 ibidem,
913 3041 948 3100 et
972 3057 992 3100 o
1014 3044 1160 3118 tempore
1175 3034 1322 3120 ejusdem
1344 3043 1411 3100 tum
1426 3036 1497 3122 ipse
1511 3059 1609 3124 quam

406 3137 651 3224 predecessores
677 3136 728 3201 sui
763 3135 909 3202 Abbstes
939 3135 1018 3201 dicti
1046 3135 1110 3200 loci
1150 3133 1253 3200 scisiti
1291 3137 1425 3203 fuerunt
1460 3145 1529 3204 tam‘
1568 3139 1609 3204 de

406 3239 594 3306 Theoloneo
610 3239 829 3324 predictorum
845 3238 1063 3325 Burgensium
1089 3259 1188 3323 quem
1210 3237 1348 3303 aliorum
1370 3241 1609 3308 transeuntium

405 3363 465 3427 per
486 3342 630 3407 medium
646 3342 793 3426 ejusdem
808 3341 909 3426 Burgi
932 3362 1007 3405 cum
1022 3339 1232 3404 mercandisis
1248 3339 1316 3404 suis
1342 3351 1376 3406 et
1400 3342 1506 3408 adhuc
1521 3354 1610 3423 sunt,

405 3455 439 3510 et
463 3445 526 3510 hoc
552 3445 669 3531 petivit
690 3445 863 3523 verificare,
879 3453 913 3510 et
936 3443 1020 3529 petit
1042 3441 1202 3529 judicium
1217 3441 1253 3508 si'
1271 3453 1359 3509 corte
1374 3444 1472 3530 Regis
1487 3445 1608 3530 Edgeri

405 3545 521 3612 debeat
548 3547 703 3612 infirmari
725 3569 783 3633 per
811 3555 932 3610 curtem
957 3545 1054 3630 Regis
1080 3545 1226 3624 Henrici,
1251 3546 1352 3631 putris
1378 3547 1477 3631 Regis
1505 3569 1608 3613 nunc.

406 3647 496 3714 Dicit
524 3648 622 3713 etium
650 3647 738 3712 idem
767 3647 867 3712 abbas
896 3649 937 3712 de
961 3647 1072 3730 Burgo
1096 3647 1199 3712 sancti
1230 3647 1328 3728 Petri,
1357 3649 1446 3733 quod
1474 3649 1606 3736 quidam

405 3749 520 3816 Simon
545 3752 586 3815 de
613 3749 732 3815 Sancto
755 3749 858 3826 Lioio‚
887 3770 996 3815 comes
1023 3748 1272 3829 Norhemtonie,
1297 3749 1404 3814 tenuit
1428 3752 1608 3836 predictum

403 3852 513 3918 villam
536 3851 577 3918 de
592 3852 725 3918 domino
742 3853 840 3937 Rege,
855 3863 889 3916 et
902 3850 1066 3915 Dominus
1086 3851 1150 3916 fuit
1174 3852 1320 3936 ejusdem
1334 3853 1421 3932 ville,
1436 3877 1606 3942 quousque

402 3954 548 4044 predicte
576 3955 652 4022 villa
680 3953 797 4020 cecidit
818 3955 854 4018 in
877 3975 978 4018 manu
1003 3952 1127 4019 domini
1158 3955 1268 4040 Regis,
1298 3964 1454 4041 tanquam
1480 3969 1607 4026 escuets

402 4060 539 4148 predicti
565 4059 689 4124 domini
713 4057 822 4143 Regis,
847 4066 881 4122 et
906 4057 969 4122 hoc
992 4066 1124 4142 paratus
1148 4067 1199 4123 est
1221 4058 1396 4141 verificare,
1425 4062 1606 4139 secundum

403 4164 492 4248 quod
522 4163 621 4229 Curis
650 4161 917 4243 consideraverit;
940 4182 1036 4247 quem
1066 4161 1198 4247 quidem
1222 4163 1475 4231 verificetionem
1499 4163 1606 4231 dictus
