3812 5030
579 647 792 695 cunonrcon
811 651 1136 698 naraonnnonnsa.
1419 641 1459 698 35

16 801 159 850 namhoc
170 817 243 852 anno.
275 769 291 798 ⁰
307 798 466 885 Magister
491 799 671 866 Nicholaus
697 803 738 866 de
762 802 825 888 Ely
840 803 1014 888 episcopus
1037 805 1206 871 Wintonie
1229 806 1379 872 universe
1395 829 1463 872 car-

15 889 174 1004 ἐξὲἱζ
183 909 233 940 ¹¹¹⁸*
263 901 314 966 nis
328 902 414 966 viam
429 902 593 988 ingressus
608 914 670 983 est,
685 905 738 970 cui
749 907 906 971 successit
920 905 1072 972 dominus
1127 954 1461 974 .......

17 1019 123 1081 Tor-pel
134 1021 181 1068 ruit
191 1023 233 1068 ad-

18 1086 153 1144 quisitum
165 1101 207 1147 per

20 1149 176 1196 Elianoram

18 1215 144 1274 reginam
163 1216 250 1277 Anglie
449 1257 456 1270 .
807 1258 814 1276 .
1246 1263 1252 1278 .
1316 1229 1319 1236 “

22 1279 60 1324 d,
72 1278 193 1326 mm,
362 1256 521 1320 Placitum
532 1264 643 1321 contra
656 1257 866 1321 Laurencram
883 1258 921 1322 de
935 1260 1092 1324 Prestono
1107 1262 1145 1324 de
1159 1263 1271 1325 relcmo
1285 1262 1375 1326 suo.*

20 1342 145 1404 (lamoya,

19 1407 140 1456 *Manu
151 1416 232 1457 ment·
310 1407 385 1472 Hoc
399 1430 485 1472 anno
500 1430 575 1473 cum
590 1417 677 1472 esset
691 1408 846 1493 placitum
860 1406 894 1471 in
910 1409 998 1472 curia
1012 1409 1135 1474 domini
1158 1411 1242 1497 regis
1264 1433 1372 1476 coram
1392 1411 1463 1496 jus-

22 1563 52 1600 et
67 1488 252 1614 Rlffiffi'
266 1508 397 1574 ticiariis
412 1510 447 1573 in
463 1508 573 1574 Banco
584 1509 670 1574 inter
681 1509 851 1574 dominum
863 1509 1013 1574 abbatem
1026 1509 1066 1574 de
1077 1511 1186 1596 Burgo
1201 1523 1235 1577 et
1245 1513 1462 1576 Laurencium

23 1617 152 1696 {ewardi
164 1619 247 1668 νων.
266 1610 307 1674 de
324 1610 480 1675 Prestona
495 1612 535 1675 dc
549 1611 669 1676 relevio
684 1632 745 1674 suo
764 1611 805 1675 de
820 1620 933 1696 quarta
952 1621 1043 1696 parte
1065 1613 1163 1676 unius
1183 1613 1295 1678 militis
1310 1637 1405 1698 quam
1422 1614 1463 1677 da

22 1683 197 1808 ᾖξ’-ξω
265 1710 383 1776 abbate
412 1721 513 1786 tenet,
530 1712 565 1776 in
589 1712 792 1791 Wodecroft,
821 1722 854 1777 et
883 1734 942 1797 pro
972 1714 1137 1798 arreragiis
1167 1715 1325 1799 ejusdem,
1353 1714 1465 1779 ballivi

266 1814 390 1878 domini
404 1813 531 1879 abbatis
553 1815 814 1900 averiaajusdem
826 1815 1010 1900 cepissent3
1036 1817 1169 1881 tandem
1189 1839 1297 1882 coram
1311 1818 1464 1884 Johanne

264 1917 304 1987 de
320 1920 464 1983 Luvetot
478 1929 512 1983 et
526 1919 610 2005 Elya
624 1920 665 1984 de
689 1919 894 2004 Bekingham
914 1917 1103 2004 justiciariis
1119 1919 1244 1984 domini
1266 1921 1350 2005 regis
1376 1921 1463 2006 apud

265 2023 409 2106 Burgum
424 2022 541 2106 legales
555 2022 617 2086 viri
627 2023 728 2108 jurati
742 2022 895 2086 dixerunt
920 2043 977 2107 per
1001 2033 1239 2087 sacramentum
1254 2046 1361 2104 suum,
1377 2024 1464 2108 quod

29 2119 104 2180 (sol
116 2122 193 2170 ἰων-
205 2120 251 2186 st)
264 2122 316 2188 die
331 2145 396 2208 quo
418 2123 583 2208 predictus
598 2129 612 2204 l
626 2124 726 2189 abbas
748 2125 825 2190 iecit
839 2125 1075 2189 districtionem
1090 2145 1188 2210 super
1202 2125 1363 2210 prefatum
1378 2127 1465 2190 Lau-

262 2226 417 2304 rencium,
443 2226 529 2291 idam
553 2227 752 2292 Laurcncius
773 2227 946 2292 tenebatur
963 2226 993 2291 ei
1018 2226 1052 2289 in
1077 2227 1196 2291 relevio
1222 2249 1282 2292 sno
1300 2229 1385 2313 quod
1402 2229 1465 2292 fuit

260 2341 365 2396 aretro
381 2331 421 2396 de
436 2331 581 2416 predicta
596 2341 710 2417 quarta
724 2341 815 2416 parta
841 2330 928 2396 feodi
945 2329 1068 2409 militis,
1083 2330 1170 2414 quod
1186 2330 1226 2394 de
1241 2330 1358 2396 abbate
1373 2341 1464 2396 tenet

259 2435 293 2498 in
308 2435 384 2499 villa
398 2435 555 2521 predicta,
570 2446 604 2500 et
619 2436 666 2500 sic
680 2457 739 2521 per
750 2434 911 2520 judicium
925 2433 1052 2518 integre
1074 2434 1276 2519 recuperavit
1298 2434 1463 2520 predictus

259 2537 358 2603 abbas
383 2538 534 2603 saisinam
558 2538 646 2604 leodi
671 2537 857 2622 supradicti,
872 2547 906 2601 et
927 2536 1110 2621 judicatum
1134 2536 1198 2600 fuit
1219 2538 1306 2622 quod
1330 2537 1464 2603 haberet

258 2653 426 2708 retumum
441 2641 622 2706 averiorum
637 2641 857 2726 predictorum
872 2640 976 2704 donec
998 2639 1039 2704 de
1059 2640 1236 2724 arreragiis,
1250 2640 1401 2705 videlicet
1422 2640 1463 2706 de

260 2746 314 2810 .xl.
334 2745 485 2824 denariis,
500 2766 560 2830 pro
576 2755 690 2830 quarta
704 2753 796 2830 parte
816 2742 953 2826 scutagii
976 2751 1010 2806 et
1030 2763 1116 2806 axv.
1142 2743 1253 2807 solidis
1270 2765 1328 2829 pro
1343 2743 1463 2808 relevio

259 2871 329 2929 suo,
344 2849 491 2934 predicto
506 2847 615 2912 abbati
631 2847 776 2933 plenarie
790 2847 907 2910 fuisset
922 2844 1134 2911 satisfactum.

122 2975 168 3038 (ο)
303 2951 487 3017 Concordia
512 2951 597 3016 facta
617 2950 703 3016 inter
728 2949 880 3015 abbatem
906 2957 941 3014 et
963 2958 1121 3014 rectorem
1147 2950 1281 3016 ecclesia
1305 2951 1345 3014 de
1365 2950 1462 3016 Stan-

258 3054 374 3140 grund.

36 3180 100 3228 lrem
111 3179 237 3227 bocauna
303 3157 367 3222 Die
394 3157 547 3222 Mercurii
575 3156 722 3242 proxima
747 3167 822 3221 ante
847 3158 968 3222 festum
995 3155 1099 3220 sancti
1121 3155 1297 3235 Ambrosii,
1312 3157 1397 3220 facta
1411 3167 1462 3222 est

258 3261 431 3328 concordia
444 3259 529 3324 inter
552 3258 718 3322 dominum
744 3258 917 3323 Ricardum
940 3258 1090 3323 abbatem
1106 3258 1146 3323 de
1162 3259 1273 3343 Burgo
1288 3269 1322 3324 et
1337 3259 1462 3324 Willel·

259 3387 349 3429 mum
375 3374 533 3429 rectorem
549 3361 681 3426 ecclesie
697 3361 737 3427 de
753 3361 939 3447 Stangrund
961 3384 1070 3427 coram
1086 3361 1110 3428 J
1111 3362 1239 3426 ohanne
1263 3364 1303 3427 de
1318 3364 1463 3429 Luvetot

257 3479 292 3534 et
317 3469 400 3554 Elya
423 3467 464 3532 de
490 3465 694 3549 Belringham
716 3465 903 3550 justiciariis
927 3466 1015 3551 apud
1039 3465 1235 3551 stangrund,
1258 3466 1299 3531 de
1323 3469 1462 3553 quadam

258 3581 468 3658 purprestura
483 3592 579 3656 quam
595 3569 682 3634 idem
698 3569 883 3634 Willelmus
898 3569 975 3634 fecit
988 3568 1120 3633 ibidem.
1165 3569 1211 3634 Et
1225 3579 1276 3634 est
1290 3572 1462 3636 concordia

257 3676 342 3754 talis,
356 3673 508 3740 videlicet
519 3673 606 3758 quod
620 3672 786 3758 predictus
801 3671 900 3737 abbas
916 3673 1077 3738 concessit
1098 3694 1157 3758 pro
1174 3695 1208 3738 se
1220 3683 1253 3738 et
1268 3675 1461 3739 successori-

257 3778 320 3843 bus
346 3778 414 3842 suis
430 3777 517 3862 quod
533 3775 670 3862 quedam
693 3775 787 3860 haya,
810 3797 907 3859 quarn
921 3774 1072 3838 Albricus
1088 3774 1251 3859 quondam
1267 3797 1406 3861 persona
1421 3778 1462 3842 de

259 3883 445 3967 Stangrund
471 3878 642 3965 plantavit,
657 3887 722 3942 stet
736 3877 852 3942 codem
868 3878 966 3942 modo
990 3899 1055 3962 quo
1070 3899 1141 3941 earn
1157 3877 1338 3961 plantavit3
1354 3888 1387 3942 et
1402 3901 1461 3964 pro

257 3985 319 4048 hac
342 3983 550 4048 concessione
576 3982 742 4068 pradictus
757 3981 941 4045 Willelmus
957 4002 1016 4064 pro
1033 4002 1067 4044 se
1082 3990 1115 4044 et
1131 3980 1371 4045 successoribus
1394 3983 1461 4046 suis

258 4087 418 4164 concedit,
434 4087 520 4171 quod
536 4087 598 4172 ipsi
614 4086 654 4150 de
677 4094 783 4150 cetero
806 4084 904 4149 nichil
928 4083 1135 4169 occupabunt
1154 4094 1244 4148 extra
1258 4085 1373 4170 hayam
1390 4105 1463 4168 pre-

259 4191 378 4256 dictam
401 4212 461 4255 nec
481 4200 598 4255 terram
621 4189 742 4254 ibidem
769 4187 968 4268 exaltabunt,
993 4189 1050 4253 sed
1074 4187 1101 4252 si
1122 4185 1228 4252 haiam
1251 4188 1338 4252 illam
1361 4187 1463 4254 velint
