3938 5022
689 663 902 710 canonicos
921 663 1243 710 sarsosunssuss.
1527 651 1568 709 9⁵

367 814 506 899 juridico
521 823 598 900 post
622 814 741 880 festum
768 817 871 882 sancti
898 818 1008 896 lllarii‚
1022 817 1057 881 in
1082 816 1169 882 dicto
1191 813 1325 880 tuitorio
1340 814 1569 901 appellacionis

370 918 507 1003 negocio
521 919 682 984 facturum
698 928 732 984 et
751 929 957 1006 recepturum
973 922 1061 1006 quod
1081 919 1213 1006 justicia
1228 917 1387 983 suadebit.
1431 918 1477 982 Et
1491 918 1570 1003 quid

371 1041 471 1106 super
484 1021 650 1107 premissis
673 1022 825 1102 feceritis,
839 1023 935 1088 nobis
951 1025 1003 1090 vel
1029 1021 1251 1089 commissario
1277 1031 1390 1086 nostro
1407 1021 1501 1085 dictis
1517 1021 1569 1086 die

370 1133 405 1187 et
418 1123 491 1188 loco
506 1145 564 1210 per
588 1125 713 1191 litteras
736 1136 860 1191 vestras
886 1136 1035 1213 patentes
1060 1137 1122 1192 etc.
1166 1126 1291 1191 Datum
1317 1125 1510 1204 Londoniis,
1533 1125 1569 1190 in

370 1225 455 1291 festo
470 1237 582 1293 sancte
597 1228 698 1294 Lucia
721 1230 866 1316 virginis,
889 1253 976 1296 anno
990 1230 1091 1315 gratie
1109 1230 1176 1294 ΜΟ.
1192 1229 1415 1294 ducentesimo
1440 1238 1570 1314 octoge-

371 1328 455 1396 simo
469 1331 586 1416 primo.

178 1426 239 1492 (sot.
252 1428 299 1478 ‘⁹⁸'-
311 1430 357 1494 ἢ)
415 1433 431 1498 Ι
437 1433 536 1497 Anno
550 1433 687 1499 Domini
702 1434 938 1500 M⁰.cc.lx⁰x⁰x⁰.
953 1445 1079 1520 quarto.

414 1535 574 1600 Placitum
599 1535 685 1600 inter·
710 1534 862 1600 abbatem
886 1537 926 1601 de
955 1537 1066 1621 Burgo
1090 1544 1124 1600 et
1148 1534 1299 1599 abbatem
1323 1534 1364 1599 de
1389 1535 1570 1620 Barlinges.

371 1637 447 1701 Hoc
461 1659 547 1702 anno
561 1637 596 1701 in
608 1637 771 1721 quindena
786 1639 909 1703 Pascha
924 1639 1089 1703 redierunt
1096 1637 1267 1722 justiciarii
1280 1636 1469 1701 itinerantes
1481 1639 1568 1723 apud

370 1739 585 1818 Lincolniam,
599 1749 634 1805 et
646 1741 856 1826 impetratum
872 1752 923 1806 est
937 1741 1035 1806 breve
1051 1740 1174 1805 domini
1190 1739 1289 1825 Regis
1303 1739 1459 1824 predictis
1470 1740 1569 1824 justi-

369 1843 473 1909 ciariis
489 1843 619 1908 dr'rectis
634 1843 696 1908 sub
710 1844 771 1908 hac
785 1845 889 1909 forma
899 1869 953 1908 :-

412 1945 604 2026 Edwardus,
618 1945 683 2010 Dei
697 1946 809 2032 gratia,
824 1956 887 2012 etc.
915 1946 1109 2012 Justieiariis
1124 1947 1193 2011 suis
1209 1947 1356 2032 proximo
1370 1946 1568 2012 itineraturis

369 2050 458 2135 apud
472 2049 675 2114 Lincolniam
691 2049 839 2116 salutem.
884 2049 971 2118 Quia
996 2050 1132 2116 dilectus
1157 2049 1253 2114 nobis
1267 2049 1301 2114 in
1318 2049 1451 2114 Christo
1469 2049 1568 2115 abbas

370 2152 411 2217 de
436 2153 547 2237 Burgo
571 2151 673 2216 sancti
700 2151 787 2216 Petri
815 2153 914 2218 babet
939 2152 1025 2217 diem
1051 2175 1159 2218 coram
1170 2152 1357 2238 justiciariis
1382 2153 1503 2218 nostn's
1528 2153 1569 2218 de

369 2255 492 2334 Banco,
513 2255 549 2319 in
575 2255 738 2340 quindena
764 2255 888 2321 Pascha
909 2257 1058 2342 proximo
1081 2257 1201 2336 futura,
1223 2258 1263 2322 de
1286 2257 1426 2341 quodam
1450 2278 1568 2342 magno

368 2358 489 2445 placito
502 2378 675 2442 personam
690 2368 830 2422 suamet
845 2358 1012 2423 ecclesiam
1028 2379 1120 2422 suam
1143 2358 1324 2442 specialiter
1337 2367 1500 2443 tangente,
1515 2358 1569 2422 cui

368 2459 581 2546 personaliter
605 2460 714 2545 ipsum
738 2459 901 2544 oportebit
926 2460 1032 2525 modis
1058 2458 1210 2524 omnibus
1224 2460 1391 2539 interesse,
1412 2460 1458 2524 ita
1480 2459 1567 2546 quod

369 2585 477 2628 coram
506 2562 601 2628 vobis
630 2563 665 2626 in
694 2563 858 2649 quindena
886 2563 1030 2649 predicta
1052 2562 1264 2648 personaliter
1286 2585 1471 2648 comparere
1499 2585 1568 2628 non

369 2665 500 2750 poterit,
526 2664 610 2729 sicut
635 2687 676 2729 ex
700 2665 887 2731 testimonio
901 2665 1121 2731 intelleximus
1144 2665 1307 2751 fidedigno
1319 2689 1329 2744 3
1358 2664 1452 2730 vobis
1475 2687 1568 2730 man-

369 2768 484 2834 damus
500 2769 586 2853 quod
602 2790 716 2834 omnes
731 2769 877 2855 querelas
889 2779 922 2834 et
930 2769 1047 2856 placita
1061 2769 1170 2855 ipsum
1185 2768 1336 2834 abbatem
1351 2790 1459 2834 coram
1472 2769 1567 2834 vobis

368 2871 402 2936 in
416 2871 531 2936 itinere
546 2881 655 2937 vestro
669 2872 815 2957 predicto
830 2872 1109 2958 tangenciausque
1124 2873 1165 2936 sd
1179 2871 1320 2957 aliquem
1329 2881 1454 2937 certum
1470 2873 1568 2952 diem,

368 2994 467 3058 quem
492 2972 534 3035 sd
559 2972 623 3036 hoc
647 2973 863 3057 provideritis,
886 2982 920 3037 et
942 2974 983 3036 ad
1007 2996 1102 3058 quem
1128 2973 1215 3038 idem
1240 2973 1341 3038 abbas
1364 2975 1567 3038 commodius

370 3074 521 3138 accedere
534 3074 657 3158 poterit
671 3075 712 3138 ad
735 3075 879 3159 loquelas
903 3084 937 3139 et
961 3076 1079 3159 placita
1103 3098 1162 3139 sua
1186 3075 1330 3160 predicta
1343 3077 1569 3160 prosequenda

369 3184 403 3240 et
418 3174 629 3254 defendenda,
644 3197 751 3241 coram
765 3177 859 3241 vobis
874 3177 1082 3242 continuetis.
1126 3177 1179 3240 Ita
1202 3177 1290 3261 quod
1313 3177 1431 3262 placita
1455 3177 1510 3241 illa
1534 3185 1567 3242 et

368 3277 497 3363 querele
522 3299 630 3342 coram
655 3277 750 3342 vobis
775 3288 851 3343 ante
874 3301 1038 3344 recessum
1062 3287 1207 3344 vestrum
1222 3277 1402 3364 apartibus
1419 3277 1567 3365 illispla·

368 3381 509 3446 citentur
523 3391 557 3446 et
575 3381 791 3446 terminentur
813 3382 991 3448 secundum
1006 3383 1109 3469 legem
1135 3392 1170 3448 et
1194 3382 1462 3447 consuetudinem
1476 3383 1568 3470 regni

367 3485 481 3550 nostri.
525 3485 623 3550 'Peste
638 3485 727 3570 Rege
752 3485 839 3570 apud
862 3485 1034 3566 Rotbelan,
1048 3486 1137 3552 xviii.
1153 3485 1205 3551 die
1220 3483 1343 3566 Martii,
1366 3507 1452 3550 anno
1476 3483 1568 3573 regni

366 3587 471 3653 nostri
484 3587 555 3652 xiia

411 3691 509 3757 Brevi
523 3690 669 3777 predicto
695 3712 715 3756 a
734 3690 920 3776 justiciariis
935 3699 1066 3777 recepto
1081 3700 1115 3756 et
1133 3692 1268 3758 recitato
1278 3716 1289 3772 ;
1316 3691 1412 3756 datus
1432 3699 1483 3756 est
1497 3691 1568 3757 dies

369 3795 501 3860 domino
516 3794 625 3859 abbati
640 3815 748 3860 coram
762 3794 885 3859 eisdem
903 3793 939 3858 in
961 3793 1101 3860 mastico
1116 3794 1336 3875 Ascensionis,
1350 3793 1500 3860 videlicet
1514 3794 1567 3860 die

370 3896 473 3962 sancti
509 3897 686 3962 Dunstani.
729 3898 783 3961 Ad
812 3919 910 3983 quem
947 3896 1033 3962 diem
1059 3896 1196 3961 accessit
1219 3895 1370 3961 dominus
1396 3895 1507 3976 abbas,
1532 3905 1567 3961 at

369 4019 427 4084 per
443 3997 633 4083 episcopum
648 3998 905 4064 Dunelmensem
919 4007 1076 4063 metatus
1091 3999 1196 4064 lactus
1219 4005 1271 4063 est
1295 3997 1335 4062 de
1364 4017 1443 4082 pace
1468 4017 1567 4082 super

368 4098 500 4184 placito,
514 4099 601 4181 quod
615 4099 679 4164 fuit
691 4099 776 4164 inter
790 4099 941 4164 abbatem
956 4099 997 4164 de
1007 4099 1117 4184 Burgo
1132 4107 1166 4164 et
1179 4097 1330 4163 abbatem
1345 4098 1386 4162 de
1397 4097 1566 4181 Barlinges

369 4199 411 4266 de
425 4199 566 4286 quodam
580 4200 692 4280 bosco,
717 4201 800 4266 sicut
825 4221 923 4287 supra
947 4209 1079 4266 notatur
1091 4201 1170 4265 folio
1183 4235 1281 4263 -.
1326 4197 1391 4264 Sed
1405 4219 1484 4284 pace
1497 4217 1566 4261 non
