3938 5022
413 614 475 675 106
730 619 944 672 cunourcors
961 625 1287 672 rurnoauuorrusu.

456 780 541 844 Item
571 779 613 842 si'
634 777 745 842 ballivi
770 779 853 842 infra
878 777 1043 843 libertates
1073 779 1125 843 vel
1152 787 1244 842 extra
1267 776 1433 842 veteribus
1459 775 1611 841 extremis

410 893 554 962 utentur,
569 904 627 968 per
641 904 721 967 quas
736 882 798 946 sibi
812 883 1001 968 peccuniam
1016 882 1187 967 adquirant
1201 880 1364 945 maliciose
1379 889 1412 944 et
1426 879 1580 944 indebite.

455 986 540 1048 Item
556 985 596 1048 de
619 985 753 1069 illisqui
771 985 911 1049 clamant
933 983 1097 1048 libertates
1117 983 1236 1048 habere
1250 991 1285 1048 et
1308 991 1527 1066 wapentacam
1543 981 1611 1046 sive

410 1087 627 1166 hundredum,
643 1097 710 1154 eta
724 1109 788 1172 quo
803 1097 951 1171 tempore
965 1085 1210 1166 eahabuerunt,
1234 1097 1269 1152 et
1291 1084 1438 1169 qualiter,
1463 1094 1496 1148 et
1520 1083 1549 1146 si
1573 1105 1613 1148 ea

411 1196 582 1250 teneantur
596 1187 700 1251 faeere
714 1186 790 1250 inde
804 1185 934 1271 aliquod
957 1185 1128 1250 servicium
1144 1186 1277 1250 domino
1292 1185 1384 1271 Regi,
1398 1187 1452 1252 vel
1465 1207 1612 1250 annuum

410 1289 585 1369 redditum,
600 1299 634 1353 et
648 1289 783 1375 qualiter
797 1287 1000 1353 libertatibus
1015 1288 1066 1352 usi
1080 1288 1210 1354 fuerint.

454 1393 539 1456 Item
562 1393 807 1478 premuniantur
827 1413 942 1456 omnes
963 1391 1019 1476 qui
1034 1392 1250 1476 querimonias
1272 1394 1376 1458 facere
1390 1393 1507 1458 volunt
1527 1392 1611 1457 vice·

409 1493 583 1562 comitibus
594 1494 647 1560 vel
660 1493 786 1560 ballivis
802 1493 1058 1579 quibuscumque
1074 1494 1114 1558 de
1129 1495 1438 1581 transgressionibus
1454 1505 1487 1560 et
1501 1515 1612 1560 exces-

410 1597 500 1662 sibus
515 1619 639 1676 eorum,
655 1596 742 1682 quod
757 1597 824 1662 sint
849 1619 958 1662 coram
972 1597 1187 1662 Thesauran'o
1202 1599 1244 1661 ad
1259 1596 1345 1662 diem
1361 1605 1396 1661 et
1416 1596 1524 1661 locum
1538 1617 1613 1683 pre-

408 1697 511 1763 fixum
526 1699 671 1784 querelas
687 1721 763 1763 suas
777 1699 951 1763 ostensuri.

453 1801 539 1865 Item
563 1799 651 1884 quod
674 1821 788 1865 omnes
812 1799 868 1883 qui
892 1799 997 1867 tallias
1022 1799 1145 1866 habent
1170 1801 1210 1866 de
1232 1800 1351 1866 debitis
1373 1801 1497 1865 domini
1513 1799 1611 1886 Regis

409 1903 523 1968 solutis
538 1901 784 1966 vicecomitibus
798 1902 851 1966 vel
876 1901 1014 1982 ballivis,
1029 1904 1117 1988 quod
1143 1913 1222 1969 tunc
1237 1925 1291 1968 eas
1306 1904 1464 1969 defferant
1488 1903 1611 1968 ibidem

408 2027 516 2071 coram
536 2004 747 2083 thesaurario,
770 2003 858 2088 quod
883 2005 912 2068 si
936 2026 1004 2069 non
1026 2005 1172 2085 fecerint,
1195 2028 1362 2091 nunquam
1377 2006 1610 2091 aquietaneiam

406 2109 483 2174 inde
497 2106 665 2173 habebunt
678 2107 712 2171 in
728 2109 886 2172 futurum.

451 2211 536 2276 Item
552 2211 607 2297 qui
632 2210 756 2276 habent
777 2209 882 2275 tallias
898 2211 938 2275 de
954 2210 1119 2276 Scaccaric
1135 2211 1246 2297 Regis,
1260 2213 1348 2297 quod
1371 2220 1452 2276 tunc
1474 2211 1612 2276 liberent

407 2336 461 2379 eas
475 2313 607 2379 ibidem.

187 2429 363 2498 (sumtu.)
450 2424 463 2500 l
479 2417 564 2484 Item
589 2418 617 2483 si
635 2419 750 2505 aliquis
773 2418 825 2484 bis
851 2418 904 2484 vel
918 2427 979 2498 ter,
992 2418 1045 2483 vel
1070 2418 1191 2503 pluries
1207 2417 1341 2483 solverit
1364 2415 1473 2481 debita
1488 2416 1613 2482 domini

185 2547 223 2595 De
233 2550 325 2598 eodem

180 4165 242 4229 (fil-
251 4166 295 4216 ω’·
306 4167 353 4230 va)

408 2523 516 2607 Regis,
532 2522 620 2607 quod
645 2523 879 2608 querimoniam
895 2544 988 2586 suam
1011 2521 1087 2586 inde
1101 2532 1274 2607 proponat,
1292 2531 1331 2585 ut
1352 2520 1519 2606 justiciam
1533 2531 1612 2585 tunc

406 2633 623 2708 consequatur
637 2623 770 2688 ibidem.

449 2725 535 2790 Item
560 2725 587 2789 si
611 2725 741 2810 aliquod
757 2725 889 2790 domino
905 2727 986 2812 Regi
1000 2727 1098 2790 fuerit
1121 2725 1322 2790 subtractum
1338 2725 1378 2789 de
1389 2725 1463 2809 jure
1478 2744 1538 2787 suo
1553 2744 1612 2808 per

405 2849 498 2913 quos,
513 2836 548 2892 et
562 2849 581 2891 a
596 2848 660 2913 quo
676 2837 833 2912 tempore,
849 2837 883 2892 et
898 2828 987 2913 quid,
1002 2839 1036 2894 et
1050 2838 1220 2913 quantum.

450 2933 534 2997 Item
559 2931 679 3017 siquid
702 2932 737 2996 in
751 2931 945 3018 wapentacis
959 2932 1012 2998 vel
1036 2931 1213 2996 hundredis
1238 2930 1393 3017 predictis
1409 2931 1449 2996 de
1472 2931 1546 3018 jure
1570 2931 1612 2997 ad

406 3036 528 3121 Regem
543 3037 704 3122 pertinere
719 3034 844 3114 debeat,
859 3035 947 3100 unde
962 3034 1091 3099 seisitus
1106 3055 1173 3098 non
1188 3042 1250 3098 est.

450 3137 535 3203 Item
551 3138 591 3202 de
605 3136 848 3204 liberationibus
863 3137 1049 3224 gayolarum
1064 3137 1098 3201 in
1114 3135 1233 3220 quibus
1247 3134 1327 3201 locis
1343 3135 1438 3201 fiunt.

449 3239 536 3304 Item
561 3240 602 3304 de
615 3238 866 3325 prisonamentis
881 3249 915 3303 et
937 3237 1125 3323 prisonibus
1140 3237 1295 3318 liberatis,
1311 3247 1345 3302 et
1370 3239 1509 3324 qualiter
1532 3239 1613 3304 libe·

405 3352 528 3420 rantur,
543 3351 577 3405 et
591 3341 709 3426 quibus
723 3341 816 3407 locis.

450 3445 535 3507 Item
561 3443 602 3507 de
617 3443 778 3528 serjantiis
804 3443 844 3507 de
867 3465 955 3508 novo
981 3441 1127 3509 alienatis
1154 3454 1188 3508 et
1213 3467 1280 3509 non
1296 3444 1463 3524 arentatis,
1486 3442 1542 3528 qui
1557 3463 1611 3508 eas

404 3545 634 3620 alienaverunt,
651 3559 685 3610 et
700 3545 829 3630 quibus,
844 3555 878 3609 et
893 3547 1056 3631 quomodo
1072 3568 1126 3610 eas
1141 3557 1284 3611 teneant.

448 3646 533 3710 Item
546 3647 586 3712 de
596 3647 726 3710 assertis
738 3657 771 3712 et
785 3649 1004 3731 purpresturis
1020 3670 1086 3712 nou
1101 3650 1265 3713 arentatis.
1318 3648 1403 3712 Item
1415 3648 1456 3712 de
1464 3647 1612 3721 esoaetis.

446 3745 535 3810 Item
548 3747 589 3812 de
610 3747 781 3816 dominicis
803 3747 1041 3832 pertinentibus
1063 3751 1105 3814 ad
1119 3771 1283 3832 eoronam,
1299 3751 1354 3835 qui
1374 3760 1556 3832 catenant,
1578 3763 1613 3817 et

401 3865 436 3930 in
452 3849 569 3934 quibus
581 3849 677 3929 villis,
693 3863 727 3914 et
741 3850 917 3934 quomodo,
932 3860 967 3916 et
980 3875 1000 3916 a
1015 3873 1079 3936 quo
1094 3861 1253 3938 tempore,
1265 3864 1299 3918 et
1313 3855 1353 3918 ad
1369 3877 1466 3941 quem
1477 3856 1611 3942 Regem,

402 3963 436 4018 et
465 3950 493 4016 ei
523 3952 645 4038 aliquid
674 3952 864 4037 hujusmodi
894 3951 1093 4018 dominicum
1118 3977 1263 4040 unquam
1292 3959 1509 4041 pervenitad
1535 3981 1611 4026 eum

403 4075 527 4133 casum,
541 4054 629 4140 quod
645 4051 743 4118 debet
757 4074 830 4118 esse
844 4063 1007 4119 eseaetum
1024 4055 1149 4120 domini
1164 4057 1274 4141 Regis.

447 4165 460 4240 l
476 4158 581 4223 Breve
598 4157 695 4243 Regis
711 4178 770 4244 pro
786 4157 922 4224 Wlneto
937 4158 978 4227 de
995 4155 1211 4245 Kempstona.
