3812 5030
196 1059 234 1106 De
245 1059 342 1104 domino

196 1123 307 1183 Philippo

195 1189 336 1249 Marmyua.

415 580 456 636 28
731 591 944 636 cunoxrcorr
970 589 1295 634 rennosunurrssa.

413 745 487 810 livia
506 744 692 809 libertatum
717 763 1003 829 quarumcumque,
1019 742 1106 827 quod
1128 743 1254 828 prefato
1276 738 1415 805 Ricardo
1430 737 1482 802 vel
1497 737 1568 822 ejus
1583 747 1617 801 et

415 847 614 914 vicecomitis
622 847 708 911 illius
717 847 904 912 substitutis
919 847 1052 912 credant
1065 847 1097 910 in
1110 845 1277 932 premissis
1291 844 1326 908 in
1340 844 1445 907 forma
1461 841 1616 927 predicta.

417 951 458 1015 In
474 951 566 1035 cujus
580 950 627 1015 rei
642 950 897 1030 testimonium,”
913 960 973 1015 etc.

463 1053 632 1138 Philippus
655 1051 821 1116 Marmiun
836 1051 869 1116 in
887 1051 1105 1117 misericordia
1125 1073 1185 1136 pro
1200 1049 1348 1136 pluribus
1363 1046 1490 1113 defaltis
1505 1066 1618 1109 versus

419 1155 569 1220 abbatem
600 1155 640 1220 de
670 1155 780 1240 Burgo
806 1155 908 1220 sancti
939 1155 1038 1220 Petri.
1082 1155 1176 1219 Idem
1206 1151 1375 1239 Philippus
1399 1149 1619 1214 summonitus

418 1259 483 1324 fuit
496 1260 537 1324 ad
561 1259 823 1344 respondendum
846 1259 992 1343 predicto
1016 1257 1125 1322 abbati
1148 1258 1188 1323 de
1208 1257 1327 1342 placito
1357 1254 1444 1339 quod
1469 1251 1566 1316 faciat
1588 1249 1618 1314 ei

419 1373 574 1428 consuete
599 1373 633 1427 et
654 1371 740 1427 recta
763 1362 896 1426 servicia
918 1384 980 1448 que
1010 1362 1040 1427 ei
1068 1362 1172 1426 facere
1203 1359 1300 1425 debet
1329 1360 1369 1423 dc
1400 1356 1502 1422 libero
1528 1365 1617 1419 tene·

418 1476 530 1530 mento
543 1489 602 1532 suo
615 1466 702 1552 quod
714 1467 754 1531 de
764 1487 803 1531 eo
818 1474 909 1530 tenet
917 1466 950 1529 in
964 1465 1143 1550 Fillingele,
1151 1474 1189 1528 ut
1199 1463 1234 1528 in
1249 1461 1441 1539 redditibus,
1452 1457 1618 1542 arreragiis

417 1580 451 1633 et
465 1570 535 1634 aliis
558 1579 592 1635 et
616 1581 731 1636 cetera.
776 1570 822 1634 Et
845 1570 1015 1655 Philippus
1040 1570 1141 1634 venit.
1186 1569 1232 1632 Et
1255 1565 1442 1632 concordati
1462 1573 1540 1628 sunt
1561 1581 1620 1646 per

416 1673 593 1738 licenciam.
639 1675 685 1738 Et
699 1673 864 1758 predictus
880 1673 981 1737 abbas
1005 1673 1061 1736 dat
1075 1671 1242 1736 dimidiam
1258 1691 1398 1734 marcam
1413 1689 1472 1753 pro
1486 1664 1620 1731 licencia

418 1777 600 1855 concordie,
623 1787 658 1841 et
671 1773 794 1840 habent
816 1776 892 1841 inde
908 1775 1126 1861 cyrograpba3
1149 1785 1183 1839 et
1206 1775 1389 1839 invenietur
1408 1771 1441 1835 in
1457 1769 1621 1855 quindena

420 1879 553 1956 Paaobe,
569 1901 655 1942 anno
670 1878 741 1943 vi20.

465 1981 539 2044 Hoc
565 2003 651 2045 anno
676 1980 710 2044 in
735 1981 819 2044 festo
846 1981 950 2045 sancti
974 1981 1143 2066 Botulpbi,
1158 1989 1305 2066 tempore
1329 1977 1459 2045 Ricardi
1483 1975 1621 2056 abbatis,

421 2084 573 2148 dominus
590 2084 759 2170 Philippus
776 2084 943 2148 Marmiun
965 2085 1153 2169 recognovit
1172 2083 1424 2149 consuetudines
1439 2092 1473 2147 et
1488 2081 1622 2146 servicia

421 2187 461 2250 ds
491 2186 595 2250 tribus
624 2187 728 2252 feodis
751 2186 892 2250 militum
915 2186 948 2250 in
977 2187 1152 2272 Filangele,
1182 2185 1363 2262 Odestone,
1390 2185 1621 2262 Suarkestona,

421 2289 527 2370 Leire,
543 2291 743 2376 Langetona,
759 2289 985 2368 Shacrestona,
1001 2289 1217 2354 Aslakestona
1231 2287 1356 2365 Nevile,
1367 2287 1401 2350 in
1414 2285 1621 2352 comitatibus

422 2394 608 2480 Leycestrie
637 2403 672 2459 et
694 2393 857 2458 Worewik
893 2403 927 2457 et
952 2391 1039 2470 olibi,
1065 2401 1104 2455 ut
1134 2391 1168 2454 in
1198 2389 1369 2474 homagiis,
1399 2388 1623 2467 fidelitatibus,

422 2497 548 2575 wardis,
564 2495 702 2571 releviis,
717 2496 898 2575 forinsecis,
912 2505 945 2560 et
962 2495 1032 2558 aliis
1044 2495 1085 2558 ad
1101 2495 1186 2559 dicta
1200 2494 1295 2558 seoda
1310 2493 1544 2578 spectantibus,
1559 2517 1623 2581 que

422 2609 601 2683 stempore
616 2597 638 2663 J
641 2598 778 2662 ohannis
798 2600 839 2663 de
857 2598 970 2663 Caleto
993 2597 1119 2662 abbatis
1145 2621 1164 2661 a
1182 2597 1327 2682 predicto
1344 2595 1495 2682 Philippo
1516 2600 1622 2685 exige·
1663 2675 1666 2684 ¹

422 2698 551 2778 bantur,
567 2721 639 2763 esse
650 2700 705 2784 jus
720 2700 823 2785 ipsius
843 2699 970 2765 abbatis
992 2709 1026 2765 et
1048 2701 1181 2765 ecclesie
1196 2700 1236 2764 de
1258 2699 1369 2785 Burgo
1396 2701 1499 2764 sancti
1525 2701 1625 2765 Petri.

423 2801 597 2868 Concessit
610 2803 707 2867 etiam
722 2804 868 2887 predicta
883 2804 1017 2868 servicia
1038 2825 1097 2889 per
1112 2825 1146 2868 se
1169 2815 1203 2867 et
1225 2804 1362 2868 heredes
1378 2825 1455 2867 suos
1471 2813 1505 2867 et
1524 2804 1624 2887 assig-

424 2916 518 2969 natos
534 2904 575 2970 de
598 2914 705 2972 cetero
719 2905 788 2970 fore
803 2905 948 2970 facienda
962 2905 1050 2971 dicto
1065 2905 1174 2970 abbati
1189 2914 1222 2968 et
1236 2906 1307 2990 ejus
1324 2903 1575 2984 successoribus,
1591 2915 1625 2970 et

424 3009 574 3094 homagia
593 3017 627 3073 et
639 3007 812 3073 fidelitates
835 3009 911 3072 inde
935 3008 1012 3073 fecit
1038 3008 1125 3073 dicto
1149 3007 1270 3073 abbati.
1315 3009 1378 3073 Pr0
1404 3029 1468 3093 qua
1493 3009 1624 3093 quidem

423 3113 656 3199 recognicione,
683 3113 788 3177 dictus
809 3111 908 3177 abbas
930 3112 1055 3177 remisit
1076 3135 1135 3198 pro
1151 3133 1186 3177 se
1201 3122 1234 3177 et
1249 3112 1384 3177 ecclesia
1402 3133 1459 3176 sua
1481 3111 1626 3197 predicte

424 3237 556 3280 omnem
569 3215 760 3280 demandam
776 3217 816 3279 de
831 3214 935 3280 leodis
944 3215 1079 3280 ulterius
1090 3215 1265 3300 petendam
1280 3237 1300 3277 a
1313 3213 1459 3298 predicto
1472 3213 1625 3300 Philippo

424 3319 477 3382 vel
504 3317 677 3382 heredibus
702 3319 781 3397 suis,
805 3327 839 3381 et
863 3318 961 3382 etiam
987 3317 1096 3382 omnia
1125 3319 1282 3402 arreragia
1308 3317 1528 3404 predictorum
1559 3340 1625 3382 ser-

424 3420 594 3498 viciorum,
609 3441 671 3504 que
686 3441 887 3504 quacumque
902 3441 999 3484 causa
1014 3441 1071 3484 seu
1095 3422 1223 3485 racione
1242 3421 1283 3484 de
1305 3420 1458 3504 predictis
1481 3421 1584 3484 leodis
1607 3443 1627 3485 a

425 3523 572 3608 predicto
603 3523 753 3607 Philippo
783 3545 841 3608 per
878 3523 1041 3609 predictos
1082 3523 1233 3588 abbatem
1268 3533 1302 3588 et
1330 3533 1528 3588 conventum
1558 3525 1627 3610 peti

425 3637 563 3713 possent
576 3647 680 3713 usque
703 3627 744 3690 ad
770 3627 856 3690 diem
880 3626 1092 3693 confectionis
1117 3627 1277 3712 presentis
1301 3627 1541 3700 convencionis,
1566 3651 1628 3695 nec

427 3751 495 3794 non
510 3741 544 3795 et
559 3741 662 3796 sectas
678 3731 764 3797 curie
780 3730 842 3795 sibi
863 3741 897 3795 et
918 3729 1091 3795 heredibus
1107 3731 1222 3796 suisio
1239 3739 1443 3817 perpetuum.
1488 3731 1627 3801 Remisit

427 3833 525 3900 etiam
549 3835 714 3920 predictus
740 3833 841 3899 abbas
872 3833 997 3920 prelato
1029 3834 1181 3920 Philippo
1208 3836 1250 3899 ad
1275 3846 1379 3900 totam
1408 3835 1509 3900 vitam
1534 3861 1626 3904 suam

427 3937 599 4003 servicium
620 3938 716 4002 unius
739 3937 851 4002 militis
872 3938 912 4002 de
935 3937 1039 4002 feodis
1063 3937 1229 4023 predictis,
1244 3947 1278 4002 et
1303 3938 1344 4003 de
1371 3938 1498 4004 duobus
1522 3941 1627 4007 feodis

427 4043 524 4108 faciet
538 4041 702 4128 predictus
719 4041 888 4127 Philippus
903 4041 999 4128 plene
1021 4050 1055 4106 et
1081 4041 1204 4126 integre
1228 4043 1481 4108 consuetudines
1505 4055 1539 4109 et
1562 4065 1628 4109 ser-

427 4148 509 4214 vicia
524 4167 585 4233 que
601 4146 765 4234 pertinent
783 4146 916 4211 eisdem.
973 4145 1053 4212 Post
1079 4147 1172 4233 cujus
1199 4155 1335 4212 mortem
1361 4147 1496 4213 heredes
1523 4148 1573 4212 sui
1595 4157 1629 4212 et
