3894 5024
678 661 893 708 cnaonroox
910 661 1235 707 rannonununnss.
1499 639 1560 713 137

361 815 442 894 thef,
472 813 629 895 blotwite,
658 814 904 894 flemenefrithe,
929 815 1030 895 ordel,
1059 814 1195 894 utlathe‚
1221 822 1256 878 et
1283 829 1356 875 cum
1388 809 1495 873 duello
1524 810 1558 873 in

361 917 514 982 omnibus
535 916 715 983 hundredis
735 925 769 981 et
790 917 825 981 in
847 917 999 982 omnibus
1019 916 1172 985 dominiis
1192 915 1270 980 suis.
1314 913 1362 978 Et
1386 912 1474 998 quod
1496 911 1559 997 ipsi

361 1027 396 1084 et
415 1041 530 1086 omnes
552 1041 753 1086 successores
774 1041 886 1086 eorum
905 1019 1134 1107 inperpetuum
1155 1018 1297 1084 habeant
1318 1015 1431 1081 catalla
1451 1014 1560 1100 fugiti-

361 1143 476 1187 vorum
488 1131 522 1188 et
533 1143 765 1208 suspensorum
777 1143 922 1202 suorum,
933 1132 967 1188 et
980 1121 1229 1188 amerciamenta
1243 1123 1305 1206 q'ue
1320 1118 1512 1184 ex'murdris
1527 1127 1560 1183 et

361 1225 432 1289 aliis
445 1224 657 1290 forisfacturis
671 1224 844 1290 bominum
859 1247 992 1292 suorum
1006 1224 1214 1308 proveniunt.
1257 1223 1304 1286 Et
1317 1221 1405 1307 quod
1418 1221 1559 1286 habeant

142 1345 347 1413 (formitem.)
362 1327 480 1414 placita
493 1328 614 1408 vetitis
637 1328 738 1392 namii
751 1328 836 1392 infra
850 1349 964 1392 omnes
985 1327 1151 1393 libertates
1171 1325 1389 1391 dominiorum
1415 1345 1559 1402 suorum,

140 1462 278 1513 mmm,
362 1451 437 1496 cum
452 1438 586 1494 returno
607 1428 757 1494 brevium
779 1429 869 1515 ipsos
892 1437 927 1492 et
950 1428 1116 1494 libertates
1141 1449 1215 1491 suas
1237 1425 1510 1511 contingendum,
1525 1436 1559 1491 et

363 1532 451 1618 quod
465 1530 609 1596 habeant
621 1530 657 1594 in
672 1529 825 1596 omnibus
837 1528 990 1593 dominiis
1001 1538 1035 1594 et
1047 1528 1227 1592 hundredis
1236 1527 1311 1592 'suis
1325 1527 1360 1590 in
1375 1527 1559 1612 cujuscum-

363 1655 426 1720 que
439 1633 558 1699 balliva
573 1632 640 1698 sint
654 1631 806 1717 quicquid
820 1631 1000 1698 vicecomes
1021 1631 1121 1696 habet
1145 1632 1180 1695 in
1196 1630 1367 1696 dominicis
1381 1629 1560 1695 hundredis

363 1735 487 1800 domini
502 1735 619 1822 Regis3
642 1757 740 1821 quam
765 1736 895 1821 quidem
910 1743 1031 1800 cartam
1049 1735 1174 1820 profert
1187 1743 1221 1800 et
1235 1755 1298 1819 que
1312 1734 1376 1798 hoc
1393 1733 1480 1798 idem
1494 1742 1559 1797 tes·

362 1847 460 1904 tatur.
489 1840 614 1904 Datum
625 1862 683 1925 per
694 1861 826 1904 manum
835 1838 939 1924 ipsius
951 1837 1087 1904 Henrici
1100 1837 1199 1924 Regis
1213 1838 1301 1924 apud
1309 1837 1561 1916 windlesoram,

363 1941 488 2008 xiidie
509 1942 613 2022 funii,
627 1964 714 2008 anno
728 1941 819 2028 regni
834 1942 884 2007 sui
905 1942 1026 2008 xxxvii.
1070 1941 1161 2008 Dicit
1175 1942 1272 2008 etiam
1294 1942 1382 2027 quod
1407 1941 1560 2006 dominus

366 2044 529 2110 Henricus
539 2045 610 2109 Rex
622 2044 824 2128 supradictus
836 2045 996 2109 concessit
1010 2045 1115 2110 eidem
1126 2045 1237 2110 abbati
1248 2055 1282 2111 et
1292 2045 1460 2112 monachis
1472 2043 1561 2130 quod

365 2147 476 2214 ballivi
501 2148 553 2212 sui
567 2147 728 2233 colligant
742 2146 850 2212 debita
865 2146 989 2212 domini
1004 2147 1102 2234 Regis
1127 2156 1161 2214 et
1184 2148 1342 2214 heredum
1367 2145 1501 2213 suorum
1526 2145 1582 2209 in-

364 2249 517 2315 omnibus
532 2249 684 2314 dominiis
700 2249 778 2328 suis,
793 2257 827 2314 et
840 2250 928 2334 quod
949 2249 1026 2314 inde
1046 2251 1266 2335 respondeant
1287 2249 1327 2314 ad
1348 2249 1559 2316 scaccarium.

365 2353 487 2416 Datum
502 2372 561 2437 per
575 2371 708 2414 manum
722 2350 825 2434 ipsius
840 2350 938 2435 Regis
953 2351 1040 2436 apud
1054 2351 1305 2430 Windlesoram,
1319 2351 1375 2416 xii.
1391 2351 1443 2416 die
1457 2349 1560 2428 Junii,

364 2477 451 2520 anno
472 2453 564 2540 regni
585 2453 636 2517 sui
658 2453 779 2518 xxxvii.
795 2473 892 2537 quam
917 2452 1047 2536 quidem
1071 2461 1189 2518 cartam
1216 2455 1349 2538 profert,
1364 2461 1475 2537 etque
1497 2451 1560 2515 hoo

364 2557 451 2622 idem
466 2564 615 2622 testatur.
659 2553 750 2619 Dicit
775 2553 873 2620 etiam
898 2555 986 2639 quod
1011 2555 1163 2620 dominus
1188 2555 1351 2621 Henricus
1366 2557 1448 2634 Rex,
1467 2563 1559 2640 pater

364 2659 489 2725 domini
505 2659 602 2745 Regis
617 2679 715 2738 nunc,
738 2656 900 2723 concessit
914 2657 1023 2723 abbati
1037 2666 1071 2723 et
1085 2659 1260 2724 conventui
1274 2660 1315 2724 de
1330 2659 1440 2744 Burgo
1456 2656 1560 2724 sancti

365 2762 453 2826 Petri
467 2762 555 2847 quod
569 2760 710 2826 habeant
723 2782 826 2824 unum
848 2768 1025 2826 mercatum
1040 2761 1174 2848 singulis
1197 2762 1385 2847 septimanis
1400 2783 1459 2848 per
1473 2760 1559 2826 diem

364 2865 501 2931 Veneris
516 2864 603 2949 apud
618 2862 798 2928 manerium
813 2883 909 2926 suum
932 2863 972 2928 de
987 2864 1171 2929 Alwoltona
1184 2865 1217 2928 in
1233 2865 1389 2929 comitatu
1404 2865 1558 2928 Hunten-

363 2968 472 3046 donie,
486 2967 551 3030 nisi
565 2975 741 3030 mercatum
764 2975 826 3030 etc.
869 2967 994 3030 Datum
1013 2987 1072 3050 per
1093 2989 1226 3031 manum
1240 2967 1342 3052 ipsius
1359 2961 1456 3050 Regis
1471 2966 1559 3051 apud

365 3069 512 3155 Burgum
535 3066 639 3132 sancti
654 3066 753 3144 Petri,
766 3065 822 3130 vii.
838 3066 890 3130 die
904 3066 1056 3151 Augusti,
1083 3090 1167 3133 anno
1190 3070 1280 3154 regni
1303 3069 1354 3133 sui
1368 3068 1413 3134 lii.
1458 3068 1556 3134 Unde

364 3170 443 3235 dicit
472 3170 562 3255 quod
587 3189 645 3253 per
670 3167 831 3253 predictas
854 3177 957 3233 cartas
983 3169 1100 3234 clamet
1125 3170 1242 3236 habere
1272 3171 1432 3256 predictas
1461 3169 1557 3234 liber·

363 3281 458 3352 tates,
473 3281 507 3337 et
521 3271 668 3357 quesitus
682 3269 866 3355 cujusmodi
883 3271 1048 3336 teloneum
1064 3273 1151 3358 capit
1165 3283 1199 3337 et
1213 3274 1253 3339 de
1274 3271 1392 3359 quibus
1412 3293 1557 3338 mercan-

364 3374 465 3455 disis;
499 3374 681 3459 dicitquod
697 3374 737 3438 de
752 3372 828 3438 navi
849 3372 979 3438 ibidem‘
996 3375 1139 3440 venienti
1162 3376 1214 3440 vel
1228 3377 1408 3442 transeunti
1424 3377 1464 3441 de
1479 3397 1558 3464 qua-

364 3499 502 3565 cumque
516 3477 719 3542 mercsndisa
733 3475 776 3540 sit
790 3484 925 3556 cereata,
941 3477 1062 3543 scilicet
1076 3478 1117 3543 de
1131 3501 1248 3565 magna
1261 3479 1336 3545 navi
1352 3481 1394 3546 ii.
1410 3479 1558 3546 decanos

364 3591 397 3648 et
412 3583 452 3648 de
462 3580 581 3668 minori
594 3580 625 3645 .i.
635 3578 813 3658 denarium,
828 3587 861 3643 et
875 3578 916 3644 de
930 3601 1030 3664 parvo
1045 3578 1176 3660 bstello‚
1186 3589 1248 3646 etc.
1264 3580 1406 3646 obolum.
1451 3581 1517 3646 Sed
1532 3583 1559 3646 si

363 3693 456 3769 petra
471 3707 529 3750 seu
544 3681 744 3749 mercandisa
758 3681 863 3766 aliqua
883 3681 1057 3747 discarcate
1070 3682 1168 3747 fuerit
1184 3705 1281 3770 super
1303 3685 1408 3749 solum
1423 3685 1559 3771 predicti

364 3785 502 3866 abbatis,
513 3786 600 3872 capit
613 3785 885 3871 aliquando'plus,
900 3785 1071 3870 aliquando
1086 3785 1208 3866 minus,
1223 3796 1257 3852 et
1270 3787 1333 3853 hoc
1347 3809 1405 3872 per
1419 3783 1560 3852 conven-

365 3889 492 3954 cionem
508 3889 593 3954 inter
607 3899 740 3953 nautam
755 3897 788 3952 et
802 3886 956 3952 ballivum
972 3887 1109 3968 abbatis,
1133 3899 1166 3953 ct
1188 3890 1250 3954 hoc
1273 3891 1405 3956 nomine
1429 3891 1560 3976 cayagii.

366 3990 413 4053 Et
433 3989 603 4054 duodecim
619 4011 716 4075 super
741 3991 803 4054 hoc
818 3990 974 4075 requisiti,
997 3991 1060 4055 hoc
1074 3991 1159 4056 idem
1183 4002 1352 4058 testantur.
1397 3994 1443 4056 Et
1465 4015 1562 4078 super

365 4091 428 4154 hoc
443 4091 538 4154 datus
553 4097 604 4154 est
618 4092 647 4154 ei
663 4092 731 4156 dies
747 4112 854 4155 coram
869 4092 1067 4156 thesaurario
1083 4101 1116 4157 et
1131 4091 1306 4157 baronibus
1329 4095 1369 4157 de
1386 4093 1562 4170 Scaccerio,

365 4193 400 4258 in
415 4191 554 4258 crastino
567 4193 668 4257 sancti
684 4195 824 4273 Andree,
838 4203 877 4258 ut
890 4203 969 4258 tunc
984 4193 1102 4258 habeat
1117 4193 1162 4256 ibi
1177 4203 1278 4256 cartas
1295 4217 1382 4273 suas,
1398 4204 1430 4258 et
1444 4193 1489 4258 ibi
1506 4217 1563 4278 per

414 4316 528 4362 enno.
547 4315 621 4360 soc.
1371 4319 1391 4360 r
