3894 5024
173 2319 314 2366 Attornatus

175 2383 308 2430 willelmus
319 2383 350 2430 de

172 2447 289 2496 Irolrtons.

398 623 459 681 136
712 637 925 683 cnnonroos
943 636 1270 683 rarnonunoansa.

394 797 514 868 rantes,
538 785 689 852 videlicet
714 788 839 852 domini
852 788 1021 853 Johannes
1046 789 1086 853 de
1100 787 1259 867 Vallibus,
1275 789 1421 873 Rogerus
1436 789 1605 868 Luvedai,

393 892 579 956 Willelmus
595 891 635 955 de
651 891 781 969 Saham,
796 900 831 955 et
851 890 1020 956 Johannes
1036 891 1076 956 de
1098 890 1315 976 Metingham,
1329 891 1416 978 apud
1441 892 1592 958 Hunten-

394 994 536 1072 doniam,
552 1015 661 1058 coram
676 992 794 1079 quibus
815 993 1034 1058 summonitus
1057 993 1120 1058 fuit
1134 993 1287 1058 dominus
1311 993 1470 1059 Ricardus
1493 995 1593 1061 abbas

393 1096 435 1159 ad
455 1097 720 1180 respondendum
742 1096 783 1162 de
805 1095 1008 1161 libertatibus
1031 1095 1099 1162 suis
1124 1097 1159 1160 in
1183 1097 1335 1162 Flettona
1353 1106 1388 1162 et
1403 1098 1595 1178 Alwaltona,

394 1196 455 1262 sub
470 1199 532 1263 hac
546 1199 652 1263 forma
661 1225 715 1263 :—

436 1298 548 1364 Abbas
564 1300 605 1364 de
620 1301 730 1385 Burgo
742 1299 845 1364 sancti
862 1300 950 1364 Petri
962 1301 1181 1366 summonitus
1195 1301 1259 1366 fuit
1273 1302 1315 1366 ad
1329 1302 1593 1387 respondendum

394 1403 527 1468 domino
550 1404 632 1489 Regi
648 1404 688 1468 de
708 1404 838 1489 placito,
853 1425 917 1489 quo
932 1414 1074 1469 warento
1100 1405 1217 1470 clamat
1238 1404 1357 1470 habere
1371 1406 1478 1470 visum
1491 1406 1593 1470 franci

393 1506 490 1591 plegii
511 1505 546 1570 iu
562 1507 744 1571 Alwaltona
763 1515 797 1572 et
818 1507 980 1586 Flcttona,
994 1508 1088 1593 weyf,
1103 1516 1292 1586 mercatum,
1306 1517 1341 1572 et
1362 1508 1509 1572 tolneum
1531 1529 1588 1570 na-

392 1609 482 1674 vium
497 1611 584 1694 apud
596 1609 821 1689 Alwaltonam,
838 1618 872 1674 et
886 1611 991 1674 furcas
1006 1611 1093 1694 apud
1105 1610 1302 1690 Flettonam,
1316 1619 1350 1674 et
1360 1610 1474 1675 catalla
1487 1609 1592 1674 homi-

393 1733 472 1776 num
489 1735 623 1778 suorum
638 1733 882 1797 suspensorum,
897 1713 1042 1776 felonum
1063 1722 1097 1777 ct
1110 1713 1330 1798 fugitivorum,
1345 1712 1593 1777 amerciamenta

394 1835 456 1898 que
471 1836 512 1879 ex
527 1816 665 1880 murdris
681 1824 715 1880 et
728 1815 799 1879 aliis
814 1815 1025 1879 forisfacturis
1039 1814 1211 1878 hominum
1233 1836 1366 1879 suorum
1386 1814 1593 1899 proveniunt,

393 1916 548 2001 placitum
562 1916 656 1981 vetiti
671 1916 771 1980 namii
786 1923 819 1979 et
834 1925 1003 1979 returnum
1025 1915 1173 1980 brevium
1189 1916 1312 1982 domini
1333 1916 1442 2001 Regis,
1456 1925 1490 1981 et
1504 1917 1593 1981 colli-

393 2038 467 2102 gere
482 2018 592 2083 debita
606 2018 731 2083 domini
747 2018 844 2102 Regis
859 2017 894 2080 in
910 2017 1063 2082 dominiis
1079 2019 1157 2099 suis,
1173 2030 1207 2084 et
1229 2019 1305 2084 inde
1325 2020 1366 2083 ad
1390 2018 1591 2084 Scaccarium

395 2120 519 2184 domini
529 2120 626 2206 Regis
637 2120 844 2206 respondere,
855 2140 918 2204 que
929 2119 971 2184 ad
981 2119 1090 2204 ipsum
1100 2121 1270 2185 dominum
1283 2123 1404 2207 Regem
1416 2121 1592 2206 pertinent,

396 2221 467 2286 sine
480 2223 624 2303 licencia,
640 2231 702 2288 etc.

439 2324 486 2389 Et
499 2323 599 2389 abbas
615 2346 673 2411 per
687 2333 886 2390 attornatum
902 2345 999 2389 suum
1013 2323 1151 2389 renitet
1168 2324 1257 2406 dicit,
1273 2325 1359 2409 quod
1375 2333 1445 2389 tota
1458 2325 1534 2389 villa
1552 2325 1593 2390 de

395 2428 587 2508 Alwaltuna,
603 2439 637 2494 et
658 2427 804 2492 similiter
825 2435 896 2492 tota
909 2426 985 2491 villa
1008 2426 1048 2491 de
1071 2426 1232 2506 Flettona,
1248 2436 1325 2491 sunt
1339 2427 1380 2492 de
1402 2427 1498 2492 feodo
1521 2450 1592 2493 suc.

395 2531 443 2595 Et
456 2530 573 2595 clamat
586 2529 705 2594 habere
718 2528 900 2614 predictum
915 2529 1022 2595 visum
1037 2530 1078 2594 de
1093 2529 1245 2594 omnibus
1260 2529 1535 2596 commorantibus
1556 2531 1591 2594 in

395 2632 548 2718 predictis
576 2631 672 2696 villis.
716 2632 764 2695 Et
790 2639 880 2695 tenet
904 2630 1012 2696 visum
1038 2651 1134 2693 suum
1158 2629 1209 2694 bis
1235 2652 1438 2715 perannum
1463 2641 1498 2696 et
1523 2631 1594 2696 sino

394 2733 562 2819 presencia
577 2732 747 2798 servientis
770 2731 879 2816 Regis,
897 2741 932 2796 et
953 2732 1054 2796 nichil
1075 2733 1132 2797 dat
1157 2733 1238 2818 Regi
1261 2754 1321 2817 pro
1335 2733 1409 2797 visu
1431 2733 1592 2800 habendo.

395 2832 585 2919 Requisitus
606 2833 633 2897 si
648 2831 767 2898 habeat
785 2833 892 2896 furcas
912 2831 981 2897 sive
1004 2832 1066 2897 alia
1084 2833 1268 2918 judicialia3
1293 2833 1471 2919 dicitquod
1494 2835 1593 2900 habet

395 2937 502 3001 furcas
516 2936 603 3020 apud
618 2935 780 3014 flettona,
797 2933 854 2998 sed
869 2933 932 2997 alia
942 2933 1107 3018 judicialia
1121 2956 1189 2999 non
1203 2935 1311 3000 habet.

441 3039 598 3106 Quesitus
621 3047 730 3103 autem
748 3038 789 3102 de
809 3035 927 3123 quibus
947 3037 1091 3103 articulis
1112 3038 1246 3124 inquirit
1267 3039 1301 3103 in
1319 3038 1393 3103 visu
1414 3061 1493 3119 auo;
1516 3039 1594 3105 dicit

397 3143 485 3228 quod
506 3143 547 3207 de
570 3141 723 3221 articulis,
753 3141 794 3206 de
820 3140 938 3225 quibus
967 3141 1148 3207 vicecomes
1184 3141 1319 3227 inquirit
1339 3141 1374 3205 in
1395 3150 1493 3207 turno
1522 3165 1592 3209 suo.

396 3247 443 3310 Et
458 3245 637 3330 dicitquod
658 3243 758 3309 habet
777 3243 960 3329 quindecim
987 3243 1139 3328 capitales
1154 3243 1362 3308 decennarios
1384 3243 1418 3307 in
1440 3245 1593 3330 predictis

396 3348 492 3414 villis.
535 3347 626 3412 Dicit
655 3347 752 3413 etiam
779 3346 867 3431 quod
895 3345 995 3410 nichil
1019 3346 1074 3410 dat
1100 3345 1233 3411 domino
1259 3346 1340 3430 Regi
1364 3368 1424 3432 pro
1447 3349 1593 3432 predicto

395 3451 469 3514 visu
496 3448 657 3514 habendo.
713 3449 759 3513 Et
782 3447 861 3513 dicit
889 3447 977 3533 quod
1011 3449 1163 3514 dominus
1194 3449 1355 3513 Henricus
1389 3449 1470 3527 Rex,
1501 3459 1593 3532 pater

396 3549 519 3614 domini
535 3549 633 3634 Regis
648 3550 703 3635 qui
718 3572 806 3616 nunc
820 3559 881 3631 est,
896 3549 1058 3616 concessit
1072 3551 1145 3615 Deo
1161 3558 1194 3614 et
1208 3548 1303 3613 beato
1320 3550 1417 3613 Petro
1432 3557 1465 3612 et
1479 3559 1592 3614 sancto

396 3650 549 3716 Oswaldo
566 3651 647 3735 Regi
671 3661 705 3717 et
731 3652 860 3717 Martiri
883 3661 917 3717 et
942 3651 1196 3718 monasterio'et
1216 3649 1325 3715 abbati
1347 3649 1388 3712 de
1415 3647 1536 3732 Burgo,
1558 3660 1592 3714 et

395 3751 547 3818 omnibus
574 3753 814 3819 successoribus
841 3755 922 3834 suis,
947 3764 981 3819 et
1005 3753 1151 3838 ejusdem
1180 3753 1243 3818 loci
1269 3750 1455 3830 conventui,
1484 3753 1595 3818 omnia

395 3865 580 3920 tenementa
605 3877 665 3920 sua
689 3856 722 3920 in
752 3857 886 3922 liberam
915 3866 950 3920 et
974 3863 1163 3940 perpetuam
1198 3852 1420 3932 elemosinam,
1449 3862 1484 3918 et
1505 3855 1593 3940 quod

393 3956 535 4021 habeant
556 3958 745 4024 teholneum
766 3959 854 4044 apud
878 3957 1104 4037 Alwaltonam,
1128 3966 1162 4021 ct
1176 3957 1263 4041 quod
1284 3953 1426 4020 habeant
1447 3957 1593 4022 francum

393 4059 535 4146 plegium
559 4061 595 4124 in
618 4061 766 4127 custodia
788 4083 847 4124 sua
867 4059 902 4123 in
917 4057 1070 4123 omnibus
1094 4058 1247 4124 dominiis
1262 4068 1297 4124 et
1318 4059 1497 4124 hundredis
1512 4060 1591 4138 suis,

393 4185 468 4228 cum
488 4159 568 4228 solra
589 4174 623 4228 et
644 4164 734 4244 soka,
750 4172 783 4227 et
804 4163 852 4227 tol
874 4171 908 4227 et
928 4161 1049 4243 theam,
1075 4162 1320 4247 infangenethef
1339 4171 1372 4228 et
1397 4164 1589 4248 utfangene·
