3938 5022
410 607 451 664 58
730 619 942 665 crinonrcou
960 619 1286 666 carnosunounsa.

409 773 604 858 vespertina,
631 781 664 836 et
690 773 930 837 confunderunt
953 773 1060 858 ipsum
1077 781 1110 837 et
1125 783 1232 837 totum
1257 773 1434 836 exercitum
1461 774 1542 858 ejus,
1567 773 1612 838 ita

409 877 496 962 quod
511 876 637 940 occisus
653 876 752 940 estin
768 876 883 940 eodem
898 877 982 955 loco,
997 886 1031 940 et
1046 876 1149 962 ipsius
1165 886 1263 960 caput
1276 885 1480 960 amputatum
1497 871 1612 964 depor-

409 987 499 1043 tatur
513 979 646 1043 dominc
669 979 735 1064 regi
755 980 847 1064 'apud
871 980 1045 1057 Rothelan,
1061 988 1094 1043 et
1108 980 1184 1044 inde
1200 979 1427 1044 transmissum
1444 981 1506 1045 fuit
1521 981 1610 1046 Lon-

411 1083 517 1148 doniis
544 1092 577 1147 et
601 1104 698 1168 super
720 1084 835 1147 turrim
862 1083 1017 1168 positum.
1064 1083 1184 1148 Nullus
1215 1082 1312 1148 etiam
1346 1085 1387 1148 de
1423 1085 1611 1150 hominibus

412 1185 633 1271 equitantibus
659 1186 762 1272 ipsius
792 1186 947 1272 principis
973 1195 1112 1252 mortem
1139 1187 1252 1266 evasit,
1284 1188 1341 1254 sed
1371 1197 1405 1252 et
1433 1189 1494 1252 tria
1524 1188 1612 1252 milia

411 1291 575 1374 pedalium
587 1291 789 1369 occiduntur,
805 1297 839 1354 et
849 1299 915 1355 tres
925 1299 1091 1375 magnates
1103 1290 1206 1375 ipsius
1217 1300 1301 1355 terre
1316 1313 1390 1355 cum
1405 1293 1480 1376 ipso
1492 1291 1611 1356 mortui

411 1401 499 1473 sunt,
523 1393 674 1458 videlicet
697 1393 857 1472 Almafan,
884 1393 939 1478 qui
965 1393 1028 1486 luit
1062 1394 1214 1458 dominus
1245 1395 1477 1479 Lampadevar,
1510 1396 1611 1458 Rosa-

193 1490 527 1580 (for.xciii.v⁰·)gr'1ffin‚
552 1495 607 1580 qui
633 1495 695 1559 fuit
711 1495 906 1560 senescallus
933 1495 1078 1559 omnium
1095 1501 1108 1575 l
1123 1507 1279 1560 terrarum
1295 1497 1428 1581 predicti
1446 1496 1611 1580 principis,

411 1599 536 1675 tertius,
561 1608 600 1663 ut
621 1607 765 1682 putatur,
788 1597 851 1662 luit
875 1598 1053 1663 Leuelinus
1080 1599 1193 1678 Fatan,
1224 1600 1279 1684 qui
1304 1599 1366 1662 fuit
1388 1598 1539 1662 dominus
1569 1600 1610 1664 de

412 1702 615 1781 Bramlelde3
637 1703 677 1766 de
692 1702 837 1787 Anglicis
848 1723 936 1780 vero,
952 1711 990 1765 ut
1005 1701 1182 1779 dicebatur,
1195 1703 1303 1766 nullus
1319 1701 1439 1767 ibidem
1455 1702 1612 1767 occiditur

411 1813 468 1868 aut
482 1805 678 1871 vulneratur.

456 1907 540 1971 Item
556 1908 619 1970 hoc
634 1927 719 1970 anno
741 1905 906 1969 mandavit
927 1907 996 1970 Rex
1011 1907 1253 1993 archiepiscopo
1269 1909 1356 1993 quod
1379 1909 1477 1974 citare
1492 1911 1611 1975 faceret

412 2031 525 2074 omnes
542 2009 761 2093 suffraganeos
784 2009 854 2092 ejus
877 2010 1059 2093 episcopos,
1083 2008 1227 2088 abbates,
1244 2011 1376 2095 priores,
1392 2033 1429 2076 ac
1451 2013 1529 2077 alios
1545 2013 1612 2078 sin-

411 2112 504 2198 gulos
520 2111 671 2176 domibus
687 2111 844 2197 religiosis
859 2111 1032 2196 prefectos,
1048 2133 1175 2176 necnon
1187 2121 1221 2174 et
1235 2121 1460 2195 procuratores
1475 2114 1611 2178 decana-

411 2226 505 2280 tuum
529 2221 562 2278 et
587 2213 802 2299 capitulomm
828 2215 1035 2280 ecclesiarum
1062 2215 1300 2300 collegiatarum
1323 2216 1426 2300 ipsius
1441 2225 1475 2280 et
1497 2219 1611 2282 suffra-

409 2339 585 2404 ganeorum
614 2339 746 2382 suorum
774 2317 964 2398 diocesium,
988 2319 1075 2403 quod
1106 2329 1331 2402 comparerent
1356 2339 1464 2382 coram
1494 2320 1609 2385 abbate

409 2421 691 2486 Westmonasterii
714 2432 795 2486 tunc
809 2423 1008 2487 thesaurario
1024 2423 1147 2487 domini
1174 2421 1283 2506 Regis,
1298 2423 1417 2487 comite
1434 2423 1610 2504 Cornubie,

408 2526 608 2590 etJobanne
632 2525 672 2590 de
696 2525 855 2612 Kirkeby‚
878 2549 937 2612 per
959 2527 1128 2591 dominum
1150 2527 1271 2612 Regem
1287 2528 1328 2591 ad
1352 2528 1455 2612 ipsius
1479 2529 1611 2614 negocia

408 2628 653 2714 pronuncianda
668 2637 702 2692 et
716 2631 938 2712 promovenda
959 2630 1140 2715 specialiter
1155 2631 1330 2714 deputatis,
1346 2631 1433 2715 apud
1449 2632 1610 2695 Norham·

408 2730 533 2795 toniam
548 2731 582 2794 in
598 2730 722 2794 octabis
749 2733 852 2796 sancti
877 2733 989 2810 lllarii,
1016 2733 1056 2797 ad
1081 2733 1243 2797 audienda
1266 2744 1300 2797 et
1315 2734 1462 2798 facienda
1484 2757 1522 2799 ea
1547 2755 1610 2819 que

409 2855 467 2918 pro
483 2855 516 2898 re
532 2833 662 2919 puplica
676 2835 722 2898 eis
745 2835 873 2900 fuerant
895 2845 1035 2912 ostensa,
1057 2836 1208 2901 videlicet
1222 2838 1262 2901 ad
1278 2839 1488 2922 prestandum
1505 2839 1611 2904 consi·

408 2935 488 3000 lium
504 2945 537 3001 et
544 2937 700 3022 juvamen
722 2937 786 3023 ipsi
803 2937 935 3002 domino
952 2937 1033 3022 Regi
1048 2946 1161 3002 contra
1175 2937 1312 3004 rebelles
1327 2951 1361 3004 et
1374 2940 1522 3006 inimicos
1535 2957 1612 3007 ¹suos

408 3039 590 3120 Walenses,
614 3041 655 3105 ad
671 3040 907 3126 reprimendam
932 3039 1077 3126 ipsorum
1101 3039 1311 3106 rebellionem
1337 3051 1371 3107 et
1396 3041 1555 3108 maliciam
1578 3055 1612 3109 et

408 3141 548 3207 finaliter
562 3142 810 3221 terminandam,
821 3161 934 3226 pacem
961 3141 1058 3206 etiam
1088 3151 1120 3206 et
1146 3143 1411 3228 tranquillitatem
1434 3146 1524 3230 regni
1539 3167 1610 3231 per-

408 3253 508 3330 petuo
522 3245 725 3322 firmandam,
741 3245 834 3328 cujus
850 3243 994 3307 mandati
1009 3245 1113 3310 forma
1127 3245 1342 3311 subscribitur
1354 3272 1407 3311 :—

451 3347 631 3411 Edwardus
659 3348 722 3411 Dei
745 3347 847 3430 gratia
869 3347 938 3412 Rex
965 3347 1092 3432 Anglie,
1108 3356 1171 3413 etc.
1214 3347 1400 3412 Venerabili
1424 3349 1457 3412 in
1479 3347 1611 3413 Christo

407 3449 493 3533 patri
504 3449 637 3514 dominc
648 3450 671 3514 J
673 3449 792 3512 ohanni
808 3448 920 3512 eadem
931 3449 1037 3532 gracia
1048 3447 1222 3512 Cantuarie
1240 3449 1493 3533 archiepiscopo,
1506 3449 1609 3514 tocius

409 3549 525 3634 Anglie
562 3549 703 3633 primati,
734 3549 883 3612 salutem.
954 3548 1041 3615 Quia
1070 3549 1253 3613 Lewelinus
1287 3550 1373 3614 filius
1409 3550 1538 3614 Griffini
1576 3561 1610 3616 et

408 3651 579 3716 Walenscs
594 3649 768 3733 complices
780 3649 841 3726 sui,
856 3648 977 3712 inimici
994 3659 1027 3712 et
1040 3649 1176 3714 rebelles
1192 3651 1305 3728 nostri,
1315 3651 1440 3715 tociens
1455 3653 1608 3737 tempori·

408 3755 470 3818 bus
485 3753 606 3816 nostris
621 3760 655 3816 et
670 3750 912 3835 progenitorum
928 3761 1114 3814 nostrorum
1129 3773 1241 3836 regum
1262 3753 1377 3838 Anglie
1392 3775 1505 3839 pacem
1521 3761 1611 3843 regni

409 3851 593 3929 turbarunt,
611 3859 645 3916 et
659 3848 868 3914 rebellionem
894 3871 987 3914 suam
1002 3858 1036 3913 et
1050 3852 1209 3917 maliciam
1229 3855 1298 3938 jam
1313 3867 1515 3942 resumptam
1532 3881 1609 3924 con·

408 3956 535 4020 tinuare
561 3975 626 4017 non
652 3951 816 4016 desistunt
844 3951 953 4016 animo
983 3953 1145 4036 indurato,
1168 3961 1403 4044 propterquod
1428 3963 1610 4047 negocium,

409 4057 496 4143 quod
511 4057 552 4119 ad
567 4056 711 4139 ipsorum
728 4055 907 4119 versuciam
923 4057 1159 4140 reprimendam
1177 4061 1245 4146 jam
1265 4060 1457 4148 incepimus,
1470 4066 1510 4129 de
1533 4087 1609 4131 con-

410 4159 481 4224 silio
511 4157 720 4243 prelatorum,
745 4177 915 4240 procerum
931 4167 965 4222 et
979 4171 1166 4244 magnatum
1182 4164 1272 4249 regni
1288 4167 1402 4248 nostri,
1429 4189 1555 4233 necnon
1580 4180 1613 4232 et
