3938 5022
417 613 458 684 72
739 627 954 676 errnonrcoru
970 625 1296 672 narnoaunaanaa.

414 781 561 846 Johanni
588 782 629 845 de
654 779 839 866 Wengham
854 790 917 845 etc.
933 781 967 844 in
991 780 1106 845 eadem
1131 779 1217 844 villa.
1263 777 1397 863 Precipe
1424 778 1564 844 Ricardo
1579 779 1620 844 de

414 885 588 949 Sibestona
618 884 706 970 quod
728 885 818 968 juste
843 893 908 949 etc.
942 884 978 947 in
1003 883 1169 948 Waltona.
1214 881 1349 968 Precipe
1378 881 1544 946 Willelmo
1579 883 1619 948 de

412 987 588 1052 Amewelle
614 987 703 1072 quod
714 987 804 1070 juste
830 997 892 1052 etc.
907 987 941 1051 in
957 985 1122 1064 Waltona,
1137 985 1226 1050 unde
1239 984 1340 1049 nichil
1353 983 1463 1064 habet,
1478 993 1516 1049 ut
1531 985 1619 1064 dicit,

412 1100 446 1156 et
481 1092 569 1156 unde
606 1091 753 1176 queritur
786 1091 874 1178 quod
909 1090 1049 1177 predicti
1077 1089 1189 1170 abhas,
1227 1088 1405 1171 Galiridus,
1438 1090 1619 1168 Johannes,

413 1194 571 1260 Ricardus
586 1203 621 1258 et
634 1193 821 1259 Willelmus
845 1193 875 1258 ei
890 1193 1080 1259 deforciant.
1124 1193 1171 1258 Et
1186 1191 1213 1256 si
1228 1213 1295 1257 non
1321 1193 1466 1270 fecerint,
1492 1201 1525 1258 et
1546 1213 1619 1276 pre-

412 1299 499 1364 dicta
514 1298 608 1363 Sana
620 1297 733 1362 fecerit
742 1306 776 1362 te
792 1317 941 1362 securum
957 1296 1122 1362 declamio
1135 1317 1195 1361 suo
1209 1296 1436 1381 prosequendo
1450 1295 1617 1381 perfidem

412 1423 517 1480 suam,
541 1399 617 1483 quia
642 1419 768 1484 pauper
788 1407 849 1479 est,
864 1407 944 1464 tunc
969 1420 1140 1464 summane
1164 1397 1342 1483 perbonos
1365 1399 1617 1464 summonitores

412 1504 576 1590 predictos
602 1511 665 1568 etc.
688 1502 777 1588 quod
792 1502 859 1566 sint
873 1524 984 1568 coram
1006 1501 1195 1588 justiciariis
1213 1499 1333 1565 nostris
1348 1501 1435 1586 apud
1450 1501 1617 1566 Westmo·

413 1604 590 1670 nasterium
604 1603 640 1668 in
655 1602 781 1668 octabis
796 1603 900 1668 saneti
910 1603 1095 1684 Michaelis,
1109 1602 1273 1668 ostensuri
1284 1624 1381 1688 quare
1390 1625 1457 1668 non
1472 1603 1616 1668 fecerint.

412 1707 458 1772 Et
472 1707 603 1787 habeas,
618 1716 680 1772 etc.
724 1707 835 1785 Teste,
856 1717 919 1772 etc.
942 1707 1030 1793 apud
1046 1707 1208 1772 Rothelan
1225 1705 1312 1769 .xxii.
1329 1705 1381 1770 die
1400 1705 1504 1786 Junii,
1529 1727 1615 1771 anno

411 1809 502 1895 regni
516 1809 620 1874 nostri
635 1809 697 1874 xio.
740 1810 786 1873 Et
799 1809 874 1875 ideo
896 1809 957 1874 tibi
971 1811 1090 1877 mando
1111 1809 1199 1895 quod
1214 1809 1403 1873 mandatum
1417 1808 1506 1874 istud
1521 1809 1616 1894 plene

411 1911 592 1996 exequaris,
606 1920 641 1976 et
658 1910 777 1976 hebere
786 1913 868 1978 mihi
879 1913 977 1978 facias
993 1913 1056 1996 (in)
1073 1911 1182 1998 vigilia
1196 1911 1388 1976 Natiuitatis
1399 1911 1494 1977 beate
1509 1911 1614 1977 Marie

412 2015 546 2080 nomina
560 2014 835 2080 summonitorum
850 2026 884 2082 et
898 2017 961 2081 hoc
974 2015 1086 2081 breve.

455 2115 568 2180 Abbas
584 2117 624 2182 de
639 2116 750 2202 Burgo
766 2118 870 2184 sancti
885 2119 972 2184 Petri
987 2127 1022 2184 et
1035 2139 1149 2184 omnes
1164 2117 1218 2182 alii
1238 2116 1415 2201 supradicti
1434 2117 1475 2181 ad
1491 2116 1613 2181 ‹liotrrm

412 2220 499 2286 diem
512 2221 645 2286 fuerunt
659 2221 825 2302 esaoniati,
840 2232 874 2288 et
894 2221 1079 2288 habuerunt
1093 2221 1180 2286 diem
1193 2222 1229 2285 in
1244 2221 1384 2286 crastino
1398 2221 1589 2285 Animarum
1603 2247 1612 2302 ς

412 2323 453 2388 ad
468 2345 566 2409 quem
582 2323 670 2389 diem
683 2323 830 2411 predicta
845 2325 939 2390 Sarra
953 2334 988 2390 et
1001 2324 1098 2411 plegii
1114 2323 1165 2389 sui
1174 2323 1210 2388 in
1224 2322 1453 2402 misericordia,
1468 2331 1502 2387 et
1513 2322 1613 2388 abbas
1685 2309 1696 2330 ’

411 2437 446 2493 et
455 2450 571 2494 omnes
585 2428 640 2493 alii
652 2429 789 2516 predicti
805 2438 1010 2496 recesserunt
1024 2430 1095 2494 sine
1110 2428 1172 2494 die.

457 2530 532 2595 Hoc
547 2552 633 2595 anno
648 2532 857 2596 terminatum
872 2532 936 2596 fuit
943 2531 1099 2617 placitum
1110 2539 1222 2596 eontm
1233 2529 1402 2594 Mabiliam
1415 2529 1456 2593 de
1468 2528 1614 2614 Kening-

411 2643 501 2712 tona,
530 2633 697 2700 dominam
724 2635 764 2699 de
794 2634 934 2714 Ketene,
963 2643 997 2699 et
1011 2634 1164 2699 Yvonem
1185 2633 1289 2697 filium
1321 2633 1403 2717 ejus,
1429 2633 1470 2696 de
1495 2633 1613 2698 herede

412 2734 536 2800 domini
552 2736 639 2800 Petri
665 2735 706 2801 de
731 2737 763 2801 ln
786 2737 891 2816 Mare,
917 2757 1014 2821 quem
1038 2736 1242 2800 retinuerunt
1270 2743 1384 2800 eontra
1410 2735 1613 2800 voluntatem

412 2837 537 2902 domini
551 2837 678 2902 abbatis
692 2836 732 2903 de
748 2838 869 2922 Burgo,
880 2837 915 2902 in
928 2838 1018 2903 hunc
1032 2839 1167 2903 modum
1180 2863 1233 2901 :-

189 2961 265 3008 Breve
276 2959 399 3023 cepnae.
456 2939 528 3005 Rex
542 2937 737 3004 Viceccmiti
757 2939 1089 3005 Norhamtoniescire.
1133 2939 1268 3024 Preoipe
1291 2937 1440 3018 Mobilis,
1463 2959 1527 3024 que
1547 2935 1611 3002 fuit

411 3065 494 3110 uxor
508 3042 660 3108 Nicholai
674 3043 715 3109 de
730 3041 902 3123 Westona,
916 3052 952 3108 et
959 3043 1071 3109 Yvoni
1085 3043 1126 3109 de
1141 3042 1364 3129 Keningtona,
1379 3043 1467 3128 quod
1474 3045 1564 3127 juste
1578 3049 1613 3106 et

412 3148 482 3216 sine
493 3147 650 3213 dilacione
661 3147 800 3213 reddant
808 3145 918 3211 abbati
930 3146 970 3212 de
982 3147 1092 3233 Burgo
1102 3146 1205 3212 sancti
1216 3146 1304 3212 Petri
1314 3147 1498 3212 Gelfridum
1508 3145 1610 3211 filium

411 3261 445 3318 et
452 3252 606 3317 heredem
618 3251 707 3316 Petri
722 3250 803 3315 dela
812 3250 918 3330 Mare,
931 3251 1024 3336 cujus
1039 3251 1187 3316 custodia
1201 3249 1359 3338 adipsum
1374 3250 1526 3316 abbatem
1537 3270 1610 3334 per-

410 3353 505 3433 tinet,
520 3375 560 3419 eo
574 3354 663 3439 quod
677 3353 844 3440 predictus
865 3354 983 3418 Petrus
997 3361 1117 3418 terram
1133 3375 1225 3418 suam
1241 3353 1282 3417 de
1297 3374 1337 3417 eo
1350 3352 1459 3416 tenuit
1472 3372 1531 3436 per
1545 3371 1613 3415 ser-

409 3455 530 3520 vicium
553 3456 704 3536 militare,
726 3465 766 3520 ut
794 3454 884 3520 dicit.
927 3455 975 3519 Et
988 3455 1053 3520 nisi
1071 3453 1247 3538 feeeri(n)t‚
1269 3461 1303 3518 et
1323 3453 1487 3540 predictus
1510 3451 1610 3516 abhas

409 3557 522 3621 fecerit
535 3565 569 3622 te
584 3577 737 3621 securum
752 3556 792 3621 de
807 3557 924 3621 clamio
939 3579 999 3622 suo
1013 3559 1251 3642 prosequendo,
1273 3566 1353 3622 tune
1367 3576 1538 3620 summone
1553 3577 1612 3639 per

409 3657 515 3728 bonos.
540 3659 793 3724 summonitores
815 3659 980 3743 predictos
1010 3659 1181 3724 Mabiliam
1206 3669 1240 3726 et
1261 3659 1413 3724 Yvonem
1433 3659 1521 3743 quod
1544 3659 1611 3722 sint

409 3783 517 3828 coram
529 3761 716 3848 justiciariis
730 3761 853 3826 nostris
876 3761 963 3847 apud
979 3761 1154 3848 Sallopiam
1169 3785 1189 3828 a
1210 3763 1263 3828 die
1286 3762 1408 3828 Pasche
1422 3762 1456 3826 in
1472 3784 1526 3827 xv.
1541 3762 1612 3827 dies

410 3864 574 3931 ostensuri
588 3885 689 3949 quare
710 3885 776 3928 non
792 3863 939 3944 fecerint,
953 3871 988 3928 et
1008 3863 1130 3930 habeas
1153 3865 1200 3932 ibi
1221 3875 1284 3931 etc.
1327 3865 1426 3930 Teste
1445 3873 1509 3931 etc.
1523 3863 1611 3952 apud

411 3967 572 4034 Rothelen
589 3966 654 4032 arii.
670 3965 722 4032 die
737 3965 895 4046 Januarii,
910 3987 997 4032 anno
1011 3967 1101 4052 regni
1115 3967 1219 4032 nostri
1230 3967 1286 4033 xi’.

454 4071 508 4136 Ad
522 4091 619 4156 quem
635 4070 723 4136 diem
737 4068 875 4134 Mabilia
889 4079 923 4134 et
947 4069 1022 4134 Yvo
1047 4071 1225 4157 supradicti
1250 4071 1383 4136 fuerunt
1396 4070 1562 4150 essoniati,
1576 4077 1611 4136 et

410 4173 512 4241 abbas
525 4173 616 4242 uenit
629 4172 751 4240 ibidem
766 4194 824 4260 per
845 4181 1058 4254 attomatum,
1079 4185 1114 4242 et
1135 4174 1322 4254 hahuerunt
1336 4175 1422 4242 diem
1437 4177 1471 4241 in
1486 4172 1609 4241 octabis
