3938 5022
672 639 887 692 cunonrcon
904 643 1231 690 ennaonuasnnsu.
1494 626 1555 684 118

395 797 419 866 J
420 799 566 864 ohannes
582 799 720 863 Freman
732 797 903 864 consuevit
913 798 1034 877 venire,
1049 797 1142 883 cujus
1153 803 1374 861 tenementum
1387 792 1409 858 J
1411 792 1556 858 ohannes

351 900 436 965 filius
452 901 522 986 ejus
537 909 640 966 tenet.

392 1003 578 1070 Willelmus
614 1004 799 1090 capellanus
835 1003 1007 1069 consuevit
1035 1003 1156 1082 venire,
1198 1003 1290 1086 cujus
1330 1005 1554 1064 tenementum

350 1104 537 1169 Willelmus
551 1103 702 1170 Walrant
716 1115 819 1170 tenet.

393 1207 525 1272 Debent
539 1209 717 1293 presentari
732 1230 906 1294 perunum
922 1207 1091 1294 capitalem
1107 1207 1345 1273 decennarium.

392 1309 557 1375 Walterus
580 1311 621 1375 de
635 1310 803 1375 Denelord
818 1319 852 1373 et
873 1309 1043 1375 Gilbertus
1065 1310 1106 1374 de
1128 1309 1296 1374 Deneford
1314 1317 1574 1373 consueverunt

350 1411 470 1491 venire,
485 1433 623 1496 quorum
650 1422 751 1476 terras
766 1410 963 1474 Willielmus
987 1411 1028 1474 de
1042 1409 1162 1496 Trayly
1177 1419 1211 1474 et
1236 1410 1259 1474 J
1260 1410 1404 1474 ohannes
1420 1410 1461 1473 de
1474 1409 1552 1477 'rol-

349 1515 448 1600 thorp
462 1523 588 1578 tenent.

393 1615 1157 1703 RadulphusdePulteneyconsuevitrenire,qui
1166 1615 1304 1698 ad[huc]
1313 1623 1477 1698 superstes
1488 1625 1549 1680 cst.

391 1719 531 1783 Brienus
558 1719 597 1783 de
622 1720 790 1784 Denefo‘rd
816 1719 986 1785 consuevit
1003 1718 1125 1798 venire,
1148 1719 1241 1806 cujus
1267 1729 1369 1782 terras
1386 1716 1549 1781 Robertus

347 1823 434 1888 filius
449 1824 519 1908 ejus
535 1832 636 1888 tenet.

391 1925 554 1990 Rnbertus
569 1925 610 1990 de
624 1925 784 2011 Tolthorp
798 1925 969 1991 consuevit
982 1927 1103 2005 venire,
1118 1925 1174 2011 qui
1188 1925 1294 1990 adhuc
1308 1933 1473 2009 superstes
1488 1935 1549 1988 est.

392 2028 548 2092 Matheus
564 2028 605 2092 de
619 2026 806 2093 Tichemers
822 2028 993 2094 consuevit
1005 2028 1126 2108 venire,
1141 2028 1234 2113 cujus
1255 2036 1357 2092 terras
1380 2026 1548 2092 Johannes

346 2129 434 2196 filius
450 2130 581 2194 Ricardi
596 2139 698 2194 tenet.

390 2234 546 2299 Matheua
563 2233 703 2298 Unwine
718 2233 889 2298 consuevit
902 2231 1023 2311 venire,
1039 2232 1095 2316 qui
1109 2233 1216 2297 adhuc
1232 2241 1396 2318 superstes
1411 2240 1472 2296 est.

388 2336 555 2402 Walterus
569 2337 599 2402 le
615 2337 744 2422 Noreys
769 2336 941 2402 consuevit
954 2335 1076 2412 venire,
1092 2336 1186 2420 cujus
1211 2333 1348 2400 heredes
1374 2343 1452 2397 sunt
1466 2333 1549 2397 infra

345 2449 477 2506 etatem.

387 2543 554 2610 Johannes
572 2544 741 2608 Passemer
755 2542 924 2607 consuevit
938 2543 1059 2622 venire,
1074 2542 1130 2627 qui
1144 2541 1250 2606 adhuc
1264 2550 1429 2625 superstes
1445 2549 1507 2604 est.
1539 2595 1541 2598 .

385 2647 582 2712 Willielmus
602 2646 643 2711 de
667 2644 800 2731 Bernby
814 2655 849 2710 et
869 2646 968 2730 Hugo
983 2654 1222 2710 consueverunt
1236 2643 1355 2724 venire,
1371 2643 1426 2729 qui
1440 2643 1547 2708 adhuc

343 2749 532 2835 superstites
548 2758 635 2812 sunt.

383 2853 532 2936 Rogerua
547 2853 663 2938 Runcy
678 2850 849 2916 consuevit
863 2851 983 2931 venire,
999 2851 1055 2937 qui
1070 2850 1177 2914 adhuc
1192 2850 1282 2914 vivit.

382 2955 466 3019 Tota
480 2953 589 3018 villata
604 2953 701 3019 debet
716 2954 895 3038 presentari
910 2975 969 3038 per
982 2954 1039 3018 iiii.
1054 2953 1207 3038 capitales
1223 2952 1443 3018 decennarius.

118 3047 266 3098 ”Mt
383 3056 425 3119 In
439 3056 635 3120 Audewicle.
678 3057 823 3120 Thomas
840 3057 978 3120 Travers
996 3055 1173 3122 consuevit
1197 3054 1318 3134 venire,
1333 3055 1426 3138 cujus
1441 3065 1544 3120 terras

339 3158 524 3223 Willelmus
539 3158 626 3224 filius
641 3159 712 3243 ejus
727 3167 828 3223 tenet.

382 3260 546 3326 Robertus
562 3262 700 3330 Freman
716 3262 887 3328 consuevit
900 3261 1021 3340 venire,
1037 3262 1131 3348 cnjus
1153 3269 1255 3325 terras
1280 3259 1438 3325 Ricardus
1453 3259 1539 3326 filius

337 3364 407 3450 ejus
423 3373 531 3429 tenet.¹

116 3492 181 3556 (sot
192 3496 322 3561 aierem.)
379 3473 394 3548 l
408 3467 565 3533 Ricardus
581 3469 674 3533 Duce
690 3467 860 3534 consuerit
873 3467 994 3546 venire,
1010 3467 1066 3553 qui
1080 3467 1186 3533 adhuc
1200 3475 1366 3552 superstes
1381 3477 1444 3534 est.

378 3571 522 3635 Thomas
536 3570 713 3634 Alderman
728 3570 899 3635 consuevit
913 3569 1033 3650 venire,
1049 3571 1104 3656 qui
1118 3571 1224 3637 adhuc
1239 3579 1406 3656 superstes
1419 3579 1479 3636 est.

380 3673 592 3738 Osemundus
621 3673 791 3739 consuevit
818 3673 940 3754 venire,
981 3675 1075 3762 cujus
1104 3683 1328 3742 tenementum
1352 3674 1538 3740 Willelmus

335 3775 442 3840 Lucas
457 3786 558 3842 tenet.
1132 3847 1136 3854 ,

379 3877 504 3943 Omnes
519 3879 618 3944 libere
633 3889 783 3946 tenentes
794 3891 829 3945 et
843 3903 957 3947 omnes
971 3881 1125 3967 capitales
1137 3879 1318 3946 decennarii
1327 3882 1368 3946 da
1381 3879 1538 3966 predictis

335 3979 421 4046 villis
448 3990 481 4044 et
497 3981 601 4046 feodis
615 4005 636 4045 s
649 3993 797 4070 tempore
819 3984 912 4068 cujus
934 4005 1003 4048 non
1026 3993 1117 4049 extat
1135 3983 1301 4062 memoria,
1316 3983 1438 4050 scilicet
1458 3991 1536 4046 ante

336 4091 466 4168 tempus
495 4081 653 4148 Willelmi
667 4085 766 4171 Regis
796 4084 1042 4171 Conquestcris‚
1057 4106 1160 4170 usque
1185 4085 1228 4150 ad
1250 4093 1379 4170 tempus
1405 4081 1535 4148 Ricardi

336 4184 464 4252 comitis
480 4184 666 4265 Glovernie,
690 4185 838 4252 solebant
856 4187 967 4252 venire
992 4187 1043 4251 bis
1066 4187 1101 4252 in
1126 4209 1213 4252 anno
1237 4186 1278 4252 sd
1303 4187 1384 4252 duas
1399 4205 1534 4268 magnas

381 4308 494 4355 cnun.
512 4307 586 4355 soc.
1337 4309 1360 4357 α
