3812 5030
431 601 473 659 36
752 613 965 659 carnonrcon
983 613 1308 658 rnraoaonoeusn.

431 787 588 851 reparare,
604 774 682 828 tunc
697 764 821 844 salices,
837 787 916 849 ques
931 765 1096 850 predictus
1121 763 1273 829 Albricus
1296 765 1466 850 plantavit,
1481 764 1548 830 sint
1568 731 1637 852 pali

432 870 520 933 illius
542 869 636 953 haye,
651 876 684 932 et
708 868 734 931 si
758 868 849 953 palos
865 868 945 932 alios
967 867 1088 932 ibidem
1106 889 1269 953 apponere
1283 867 1456 946 voluerint,
1477 869 1638 934 linealiter

432 982 597 1058 ponantur
611 972 790 1036 secundum
805 972 893 1056 quod
908 971 1051 1056 predicte
1067 971 1179 1035 salices
1192 981 1269 1035 sunt
1280 971 1434 1056 plantate.
1480 971 1531 1036 Ite
1546 972 1635 1057 quod

433 1085 521 1140 extre
546 1075 659 1138 salices
673 1096 786 1138 versus
808 1096 922 1158 squam
944 1073 1044 1138 nichil
1059 1075 1099 1138 de
1114 1083 1220 1138 cetero
1244 1074 1347 1159 possit
1369 1095 1548 1140 accrescere
1563 1096 1636 1160 pre-

434 1178 521 1242 dicto
543 1176 709 1240 Willelmo
731 1176 783 1240 vel
807 1175 1046 1242 successoribus
1070 1177 1137 1241 suis
1162 1198 1220 1261 per
1245 1176 1384 1262 aliquam
1399 1177 1635 1262 plantationem

432 1281 485 1345 vel
499 1291 583 1345 terre
598 1279 842 1344 exaltationem.

477 1383 653 1468 inquisicio
664 1383 748 1447 facta
759 1405 817 1467 pro
833 1383 956 1448 decima
970 1383 1165 1448 venacionis.

214 1504 276 1550 lton
290 1504 334 1550 hoc
346 1518 417 1550 anno.
478 1487 516 1550 In
545 1485 685 1551 crastino
703 1485 903 1550 invencionis
920 1497 1030 1551 sancte
1045 1487 1159 1566 crucis,
1177 1507 1263 1550 anno
1279 1485 1370 1570 regni
1385 1483 1468 1570 regis
1483 1485 1636 1549 Edwardi

432 1589 510 1654 viii⁰.
526 1611 634 1654 coram
651 1589 783 1653 domino
799 1589 937 1653 Ricardo
953 1590 993 1655 de
1010 1589 1186 1667 Holebroc,
1203 1588 1386 1653 Senescsllo
1407 1590 1536 1662 foreste,
1552 1589 1637 1651 facte

432 1703 482 1756 est
497 1690 666 1776 inquisicio
682 1690 768 1775 apud
778 1691 1049 1755 Norhamtoniam
1061 1713 1119 1776 per
1134 1699 1372 1756 sacramentum
1383 1690 1636 1769 forestariorum,

433 1793 656 1858 viridariorum
673 1804 706 1857 61
717 1793 852 1856 aliorum
867 1793 1090 1858 ministrorum
1105 1795 1224 1859 foreste
1233 1795 1273 1858 de
1290 1793 1506 1878 Rokingham,
1523 1793 1636 1878 Clyve,

433 1909 466 1960 et
482 1896 688 1974 Brikestoke,
697 1905 730 1960 et
741 1917 799 1980 per
815 1905 1050 1961 sacramentum
1067 1897 1191 1961 domini
1199 1897 1361 1962 lobannis
1372 1897 1412 1960 de
1423 1896 1502 1976 Ver,
1513 1895 1637 1960 domini

433 1998 594 2063 Johannis
621 1999 660 2062 de
681 1998 934 2078 Folkesworthe,
957 1999 1080 2062 domini
1102 1998 1235 2062 Roberti
1256 1999 1287 2063 le
1303 2000 1407 2078 Baud,
1430 1999 1638 2063 (1616161116-

433 2101 517 2165 berti
533 2101 572 2164 de
596 2100 713 2180 Hotot,
729 2101 852 2165 domini
876 2101 1027 2185 Hugonis
1048 2100 1088 2165 de
1103 2101 1264 2185 Aundely‚
1282 2099 1405 2164 domini
1420 2100 1581 2165 Johannis
1596 2101 1638 2165 de

433 2205 610 2290 Draytons,
633 2203 756 2268 domini
780 2203 914 2268 Roberti
936 2203 976 2267 de
1005 2203 1200 2282 Tichemers‚
1225 2202 1378 2288 Symonis
1404 2203 1445 2268 de
1471 2202 1640 2282 Gravesle,

435 2307 588 2371 Willelmi
612 2307 671 2371 filii
688 2307 822 2372 Henrici
838 2307 878 2371 de
895 2307 1072 2385 Brantona‚
1089 2306 1218 2370 Ricardi
1232 2306 1272 2370 de
1288 2305 1470 2390 Deseburg‚
1485 2305 1638 2392 Symonis

435 2411 475 2474 de
491 2409 714 2495 Hamingtona
736 2419 769 2474 61
792 2409 921 2475 Ricardi
944 2409 985 2473 de
1010 2409 1165 2487 Arderne,
1189 2407 1346 2472 Willelmi
1361 2407 1401 2472 de
1421 2409 1579 2474 Yerwelle
1604 2418 1640 2473 et

434 2513 560 2577 Γ1116166
576 2513 616 2576 (16
630 2513 806 2577 Yerewelle
821 2512 1065 2576 forestariorum
1081 2510 1121 2575 de
1135 2510 1242 2589 feodo,
1263 2509 1320 2595 qui
1335 2509 1449 2574 dicunt
1462 2531 1520 2595 por
1534 2531 1639 2574 sacra-

435 2625 581 2678 mentnm
598 2637 692 2677 suum
708 2613 796 2698 quod
811 2613 943 2678 abbates
960 2613 999 2676 de
1011 2614 1121 2696 Burgo
1131 2615 1232 2677 sancti
1250 2612 1348 2692 Petri,
1360 2613 1490 2692 scilicet,
1502 2613 1639 2678 Williel-

436 2739 509 2781 mus
522 2717 641 2793 Hotot,
650 2717 672 2780 J
674 2717 818 2780 ohannes
828 2715 868 2779 de
879 2714 968 2779 Caua
985 2725 1019 2779 et
1031 2713 1193 2778 Robertus
1210 2715 1250 2780 de
1267 2715 1417 2795 Suttona,
1429 2714 1561 2780 abbates
1576 2717 1639 2780 loci

436 2820 572 2904 predicti
587 2830 733 2904 tempore
756 2817 878 2882 domini
903 2817 1036 2882 Henrici
1059 2827 1138 2881 tunc
1160 2818 1242 2902 regis
1257 2817 1384 2903 Anglie‚
1400 2819 1500 2903 patris
1515 2817 1639 2883 domini

437 2923 606 2987 Eadwardi
628 2923 712 3008 regis
723 2922 778 3007 qui
793 2944 881 2986 nunc
903 2932 964 3000 est,
980 2921 1163 2986 habuerunt
1177 2922 1334 2986 decimam
1349 2921 1534 2986 venacionis
1545 2932 1639 3007 cepte

437 3028 470 3090 in
480 3026 605 3090 ballivis
616 3026 657 3091 de
667 3025 780 3111 Clyve,
790 3024 993 3103 Brikestoke,
1003 3034 1037 3088 et
1048 3023 1253 3108 Rekingham
1261 3024 1295 3087 in
1311 3024 1467 3088 comitatu
1475 3024 1640 3088 Norham-

438 3131 536 3210 16616,
546 3130 719 3216 aliquando
729 3152 787 3216 per
803 3151 917 3193 manus
930 3137 1131 3208 venatorum,
1143 3126 1314 3212 aliquando
1323 3147 1382 3211 per
1393 3149 1507 3191 manus
1523 3127 1641 3193 Senes·

438 3235 591 3298 callorum
600 3237 720 3298 foreste
732 3234 884 3318 predicte,
893 3232 1053 3309 videlicet,
1063 3252 1122 3316 per
1133 3253 1249 3294 manus
1265 3230 1388 3294 domini
1401 3229 1535 3295 Roberti
1550 3232 1641 3296 Wal-

439 3337 530 3414 rand‚
551 3337 674 3400 domini
690 3337 816 3400 Thome
831 3337 871 3399 de
892 3335 1058 3420 Greytley,
1076 3333 1200 3397 domini
1215 3333 1311 3397 Alani
1327 3333 1359 3396 la
1381 3333 1502 3412 Zuche,
1518 3335 1641 3398 domini

440 3437 567 3501 Warini
589 3438 630 3501 de
652 3438 905 3522 Bessingburns,
920 3457 978 3522 per
997 3435 1107 3501 brevia
1121 3435 1245 3500 domini
1258 3435 1342 3520 regis
1362 3435 1485 3501 eisdem
1508 3437 1640 3503 directa.

443 3539 566 3604 Dicunt
577 3541 685 3619 etiem,
697 3541 783 3624 quod
794 3539 925 3603 domina
939 3539 1058 3624 regine,
1067 3547 1170 3603 166161
1185 3537 1309 3603 (1616161
1322 3539 1406 3625 regis
1417 3539 1472 3624 qui
1484 3561 1571 3606 nunc
1580 3553 1643 3622 est,

226 3671 366 3733 (61666.
377 3667 427 3729 vs.)
443 3651 526 3728 sque
539 3643 579 3707 de
588 3644 740 3727 predictis
755 3643 881 3707 ballivis
893 3643 934 3706 de
946 3642 1049 3728 Clyve
1058 3651 1092 3706 et
1103 3641 1277 3708 Brikstoke
1288 3652 1340 3708 est
1351 3643 1471 3724 dotata,
1483 3643 1641 3711 decimam

444 3745 629 3812 venacionis
652 3747 685 3810 in
713 3746 835 3811 eisdem
862 3745 985 3810 ballivis
1011 3755 1104 3831 capte
1128 3745 1267 3811 Ricardo
1290 3747 1330 3811 de
1353 3747 1534 3813 Lo'ndoniis
1555 3771 1644 3814 nunc

446 3849 556 3914 abbati
582 3849 644 3913 loci
667 3849 802 3934 predicti
830 3849 991 3914 concessit
1016 3858 1050 3913 et
1072 3849 1229 3916 liberavit.
1284 3851 1410 3916 Dicunt
1432 3852 1528 3916 etiam
1555 3855 1643 3937 quod

447 3963 592 4037 tempore
616 3952 738 4016 domini
761 3953 912 4016 Edwardi
934 3952 1028 4036 regis,
1043 3953 1098 4037 qui
1120 3975 1207 4019 nunc
1229 3966 1289 4035 est,
1306 3955 1450 4040 predicta
1464 3956 1589 4019 decima
1603 3957 1644 4021 de

447 4059 621 4121 venacione
645 4056 679 4119 in
706 4054 822 4120 ballivo
848 4057 888 4120 de
919 4057 1123 4141 Rokingham
1154 4067 1247 4142 capta
1273 4058 1417 4143 predicto
1440 4057 1550 4123 abbati
1585 4081 1644 4144 per

450 4160 618 4224 dominum
650 4160 821 4224 Ricardum
848 4159 888 4224 de
916 4159 1095 4240 Holebrok,
1111 4161 1322 4226 senescallum
1345 4162 1465 4226 foreste
1491 4163 1645 4246 predicte,
