3938 5022
677 635 889 682 canonico-u
909 637 1235 683 naracuuauunsa.
1518 625 1558 684 81

357 788 460 874 gratia
484 798 519 854 et
544 787 634 852 omni
659 788 730 872 ejus
755 788 894 854 comodo
920 790 963 854 sit
988 811 1027 854 eo
1053 789 1126 876 ipso
1150 791 1295 874 privatus
1307 814 1316 868 3
1341 789 1368 853 si
1397 811 1473 854 vero
1499 812 1558 874 per

358 891 557 977 superiorem
584 913 677 955 suum
694 891 848 957 canonice
862 892 1008 958 monitus
1028 893 1063 956 in
1078 892 1247 971 beneficio,
1262 892 1303 957 de
1318 915 1383 978 quo
1398 893 1460 957 sibi
1482 915 1558 978 pro·

357 993 463 1059 visum
474 993 581 1073 fuerit,
596 993 782 1079 neglexerit,
793 1003 891 1080 prout
904 995 1007 1079 ipsius
1019 994 1167 1060 beneficii
1182 994 1320 1080 qualitas
1336 1017 1394 1060 seu
1409 995 1557 1062 condicio

356 1097 457 1183 exigit
470 1097 621 1176 residere,
635 1096 793 1162 beneficio
809 1098 855 1162 sic
877 1107 1013 1183 optento
1034 1099 1189 1183 privetur.
1236 1099 1432 1162 Mandatum
1447 1109 1557 1165 autem

356 1211 504 1264 nostrum
519 1200 553 1264 in
568 1200 629 1264 hee
642 1209 735 1285 parte
749 1200 857 1266 taliter
870 1201 1045 1286 adimplere
1060 1223 1214 1286 procures
1229 1202 1317 1286 quod
1332 1201 1366 1265 in
1381 1224 1420 1267 eo
1441 1202 1557 1288 inpen-

355 1301 443 1366 disse
453 1301 593 1366 lauderis
608 1301 861 1366 misericordiam
875 1313 911 1367 et
925 1301 1147 1368 obedienciam
1158 1302 1351 1367 mandatori.
1395 1303 1556 1368 Volumus

355 1413 464 1470 autem
490 1405 579 1490 quod
604 1425 718 1469 omnes
733 1405 793 1469 alie
815 1405 923 1470 littere
948 1406 1059 1471 asede
1082 1405 1259 1490 apostolica
1281 1406 1334 1470 vel
1357 1405 1427 1490 ejus
1450 1407 1556 1492 legato

356 1528 415 1570 seu
429 1505 627 1591 quibuslibet
641 1505 711 1569 aliis
727 1515 873 1590 optente,
888 1527 1016 1572 necnon
1032 1507 1234 1592 provisiones
1250 1516 1285 1571 et
1306 1506 1557 1592 obligacionesa

354 1607 613 1694 quibuscumque
627 1609 775 1692 personis
797 1609 882 1674 facte
897 1631 994 1694 super
1016 1609 1120 1695 ipsius
1146 1609 1252 1673 clerici
1276 1609 1463 1694 provisione
1489 1612 1556 1676 sint

354 1711 506 1791 invalide,
536 1711 689 1796 omnique
718 1722 848 1776 careant
884 1713 1048 1777 firmitate.
1108 1713 1279 1776 Presentes
1318 1733 1395 1776 vero
1433 1713 1556 1778 litteras

355 1814 487 1880 extendi
502 1814 653 1878 volumus
670 1815 814 1898 (extendi
836 1815 1000 1898 volumus)
1023 1814 1064 1879 ad
1078 1813 1246 1880 ecclesiam
1263 1815 1489 1894 cathedralem,
1510 1815 1557 1879 ita

354 1917 444 2002 quod
459 1917 500 1982 de
511 1916 701 1982 canonicatu
715 1917 768 1981 vel
782 1916 946 2002 prebenda
958 1939 1016 1981 seu
1026 1926 1203 2002 personatu
1215 1925 1272 1980 aut
1286 1916 1441 2002 dignitate
1451 1917 1555 2003 ipsius

355 2019 489 2085 ecclesie
504 2018 689 2084 nullatenus
704 2040 817 2082 eorum
832 2019 1023 2085 auctoritate
1034 2021 1141 2085 valeat
1155 2019 1329 2105 provideri,
1345 2019 1556 2087 decernentes

357 2123 385 2186 si
413 2144 506 2188 secus
536 2132 644 2186 actum
673 2123 780 2202 fuerit,
805 2123 930 2188 irritum
957 2133 991 2189 et
1018 2124 1124 2189 inane.
1169 2125 1294 2189 Datum
1318 2125 1406 2210 apud
1429 2124 1555 2190 Urbem

355 2227 508 2292 Veterem
523 2225 581 2290 iiii.
595 2246 698 2290 nonas
713 2225 736 2290 J
738 2225 805 2290 ulii.

400 2330 501 2396 Sexto
517 2350 620 2393 nonas
635 2327 789 2393 Octobris
805 2337 1009 2414 presentatus
1023 2329 1087 2393 fuit
1096 2330 1239 2394 Thomas
1255 2329 1295 2394 de
1307 2329 1434 2396 Deivile
1450 2331 1556 2414 capel·

355 2432 450 2497 lanus
475 2432 517 2496 ad
540 2430 719 2495 Ecclesiam
744 2431 785 2495 de
801 2430 976 2516 cloptona,
996 2453 1059 2517 que
1081 2441 1161 2497 tunc
1185 2432 1312 2496 vacavit
1334 2453 1393 2517 per
1415 2441 1554 2497 mortem

355 2535 480 2600 domini
493 2532 655 2598 Johannis
675 2532 716 2596 de
732 2531 959 2613 Camerwelle3
983 2533 1041 2599 sed
1055 2532 1162 2598 dictus
1177 2533 1363 2598 Willelmus
1379 2534 1553 2620 Campium

354 2647 429 2703 ante
443 2636 547 2724 ipsius
562 2634 841 2720 presentacionem
855 2635 997 2700 litteram
1014 2657 1106 2700 suam
1120 2636 1334 2721 provisoriam
1351 2647 1554 2722 prenotatam

353 2741 487 2807 domino
517 2739 670 2824 episcopo
695 2738 865 2804 Lincolnie
893 2739 1048 2826 porrexit,
1074 2739 1130 2825 qui
1152 2741 1248 2825 juxta
1273 2750 1419 2806 tenorem
1448 2742 1552 2826 ipsius

353 2844 498 2909 mandati
512 2841 681 2928 apostolici
696 2841 736 2906 de
751 2843 819 2907 vita
840 2853 874 2908 et
896 2843 1042 2908 moribus
1063 2843 1201 2928 predicti
1216 2843 1372 2910 Willelmi
1398 2845 1439 2909 de
1456 2844 1553 2909 Cam-

353 2947 432 3032 piun
448 2946 525 3012 feeit
538 2945 658 3029 inquiri
674 2945 735 3009 sub
751 2945 812 3010 hac
826 2947 990 3010 forma:—

399 3047 551 3112 Oliverus
573 3047 787 3130 permissione
813 3048 922 3112 divina
944 3050 1114 3115 Lincolnie
1137 3050 1322 3134 episcopus,
1336 3049 1451 3114 unicus
1475 3071 1553 3115 exe·

354 3161 449 3215 cutor
462 3147 607 3213 mandati
621 3147 790 3233 apostolici
812 3169 872 3233 pro
886 3149 1052 3214 Willelmo
1078 3150 1165 3214 dicto
1189 3149 1351 3234 Campiun
1367 3150 1407 3213 de
1423 3149 1554 3235 lrtling·

355 3251 446 3330 burc,
469 3268 610 3334 paupere
634 3247 751 3312 clerico
780 3257 890 3314 nostre
921 3250 1070 3330 diocesis,
1098 3249 1194 3315 nobis
1224 3250 1337 3315 directi
1366 3250 1553 3336 deputatus,

354 3355 473 3420 dilecto
487 3354 522 3418 in
538 3351 670 3417 Christo
685 3351 753 3416 filio
768 3352 992 3418 archidiacono
1008 3352 1246 3420 Norhamtonie
1260 3355 1314 3420 vel
1328 3355 1399 3440 ejus
1414 3355 1555 3436 officiali,

355 3461 504 3538 salutem,
529 3456 664 3543 gratiam
680 3465 714 3521 et
738 3455 1009 3523 benedictionem.
1053 3458 1256 3524 Auctoritate
1279 3459 1424 3524 mandati
1447 3481 1554 3526 saero-

355 3573 466 3629 sancte
486 3561 574 3628 sedis
599 3560 776 3646 apostolice
802 3560 978 3646 supradicti
993 3561 1080 3646 quod
1094 3561 1188 3626 vobis
1210 3585 1269 3646 per
1290 3563 1413 3628 dictum
1428 3563 1554 3628 Willel-

356 3687 445 3730 mum
460 3663 622 3729 mittimus
636 3661 875 3748 inspiciendum
889 3661 1049 3749 nobisque
1063 3685 1122 3749 per
1136 3665 1275 3728 eundem
1291 3663 1430 3729 fideliter
1444 3666 1554 3729 remit-

355 3766 503 3846 tendum,
531 3765 625 3831 vobis
651 3765 845 3830 mandamus
870 3764 1007 3830 firmiter
1031 3766 1250 3851 injungentes,
1274 3767 1426 3852 quatinus
1456 3791 1554 3854 super

355 3870 433 3948 vita,
469 3867 626 3946 moribus,
662 3866 921 3946 conversacione,
960 3868 1206 3934 condicionibus
1246 3878 1280 3934 et
1320 3870 1481 3935 natalibus
1517 3893 1555 3936 ac

355 3971 427 4035 aliis
450 3971 553 4055 ipsius
577 3969 700 4035 meritis
723 3991 781 4055 per
794 3970 882 4036 viros
897 3969 1078 4056 fidedignos
1093 3981 1127 4036 et
1148 3972 1275 4056 juratos
1297 3973 1444 4058 ejusdem
1469 3975 1555 4039 noti·

354 4075 437 4138 ciam
452 4095 520 4138 non
529 4083 595 4137 tem
608 4075 764 4139 moderno
775 4083 922 4159 ternpore
938 4096 1035 4160 quam
1047 4083 1210 4140 mansueto
1221 4075 1349 4162 plenius
1359 4076 1555 4162 optinentes,

355 4175 542 4262 diligentem
567 4175 721 4242 facientes
750 4176 999 4262 inquisicionem
1028 4199 1066 4242 ac
1092 4179 1189 4243 etiem
1217 4187 1328 4243 utrum
1352 4179 1429 4242 alias
1458 4177 1557 4242 bene-

401 4299 514 4344 cnun.
540 4297 616 4344 rou.
1356 4302 1383 4344 ιι
