3938 5022
692 636 906 684 erinonrcorv
923 639 1249 688 annnoeunenusn.
1532 633 1572 689 65

372 787 462 854 tibus
487 791 577 875 regni
603 791 699 856 etde
725 791 871 877 quolibet
895 793 1052 858 comitatu
1078 795 1208 860 duobus
1234 795 1392 860 militibus
1413 797 1572 878 discretis,

372 893 550 958 secundum
565 895 701 960 formam
717 895 863 961 mandati
886 895 985 982 Regis
1007 898 1229 983 suprascripti,
1245 899 1352 964 David
1368 900 1571 986 supradictus

369 1017 482 1060 eorum
498 997 633 1062 consilio
657 1006 811 1084 tanquam
835 1000 995 1085 proditor,
1011 1000 1164 1066 seductor
1187 1011 1222 1066 et
1244 1002 1334 1087 pacis
1356 1002 1573 1089 perturbator,

369 1123 436 1165 non
452 1101 558 1166 solum
574 1102 673 1167 morti
687 1103 902 1188 adjudicatur,
916 1124 1030 1167 verum
1045 1103 1144 1168 etiam
1159 1104 1254 1170 vivus
1269 1106 1418 1187 trahitur,
1433 1129 1571 1192 suspen-

369 1203 466 1283 ditur,
489 1205 681 1284 mutillatur,
703 1215 738 1272 et
762 1205 896 1270 tandem
922 1206 1111 1286 decollatur,
1133 1207 1295 1293 oprobriis
1321 1218 1431 1274 tamen
1458 1211 1570 1276 multis
1666 1251 1676 1263 ·

368 1317 444 1372 ante
455 1309 615 1394 judicium
632 1309 695 1375 sibi
717 1311 842 1386 datum,
870 1310 1005 1375 affectus
1029 1310 1070 1374 de
1095 1310 1329 1395 ingratitudine
1344 1335 1413 1392 sua,
1428 1335 1467 1378 eo
1482 1316 1569 1398 quod

369 1409 521 1476 dominus
536 1414 607 1477 Rex
622 1413 730 1498 ipsum
746 1413 936 1490 nutriverat,
956 1412 1126 1492 ditaverat,
1141 1421 1175 1476 et
1191 1414 1277 1479 inter
1291 1415 1430 1500 majores
1445 1417 1570 1501 pallacii

369 1513 420 1577 sui
434 1513 656 1578 collocaverat.
701 1513 811 1596 Caput
830 1513 928 1576 etiam
954 1512 1026 1596 ejus
1051 1513 1233 1578 Londoniis
1256 1515 1409 1595 defertur,
1424 1527 1459 1581 et
1473 1539 1571 1603 super

365 1615 495 1682 Turrim
519 1616 704 1692 collocatur,
729 1615 817 1701 quod
832 1615 953 1678 factum
969 1626 1020 1678 est
1043 1617 1266 1701 spectaculum
1288 1618 1440 1682 omnibus
1463 1630 1570 1684 trans·

366 1718 521 1784 euntibus
535 1729 570 1784 et
583 1719 787 1804 proditorum
803 1717 977 1803 exemplar.

411 1823 486 1888 Hoc
501 1845 587 1888 anno
601 1824 687 1889 facta
701 1823 765 1888 ruit
787 1823 925 1908 quedam
948 1821 1143 1906 compositio
1166 1824 1207 1889 de
1229 1834 1362 1910 pastura
1377 1826 1418 1892 da
1435 1826 1567 1892 Scotere

365 1935 399 1991 et
414 1926 454 1992 de
470 1927 638 2007 Scottona,
654 1926 715 1992 sub
730 1927 791 1991 hac
805 1927 910 1990 forma
922 1949 975 1988 :-

408 2027 822 2114 Noverintuniversi,quod
832 2048 906 2092 cum
918 2047 975 2111 per
983 2025 1153 2093 dominum
1164 2027 1315 2094 abbatem
1325 2039 1359 2094 et
1368 2040 1565 2096 conventum

363 2132 520 2217 deBurgo
530 2131 912 2211 sanctiPetri,dominum
923 2128 1104 2194 Robertum
1114 2131 1155 2195 de
1165 2131 1331 2210 Nevile,et
1338 2131 1524 2196 Johannem
1534 2132 1564 2196 le

361 2236 472 2300 'l'ailur
487 2236 527 2300 de
538 2235 706 2313 Scottona,
717 2233 823 2299 averia
834 2241 1063 2299 extraneorum
1077 2232 1110 2296 in
1126 2243 1261 2318 pastura
1275 2233 1315 2297 de
1331 2233 1464 2299 scotere
1478 2235 1564 2299 etde

362 2339 520 2406 Scottona
529 2337 733 2424 temporibus
743 2335 910 2401 retroactis
921 2335 1147 2420 agistarentur,
1158 2346 1194 2401 et
1203 2335 1244 2400 ab
1257 2335 1380 2402 eisdem
1393 2335 1434 2401 de
1448 2337 1563 2423 hujus·

239 2465 246 2482 ·
360 2443 450 2508 modi
458 2442 573 2508 averii
582 2437 771 2526 herbagium
786 2447 965 2524 caperetur,
976 2458 1166 2504 conoessum
1178 2448 1230 2504 est
1240 2448 1274 2503 et
1284 2438 1369 2502 inter
1383 2439 1473 2524 ipsos
1485 2461 1563 2506 con·

359 2555 494 2612 ventum
517 2554 551 2610 et
575 2553 689 2609 tenore
712 2542 874 2628 presentis
900 2540 1013 2627 scripti
1035 2541 1121 2605 inter
1145 2540 1236 2625 ipsos
1262 2539 1478 2626 cirographati
1502 2563 1562 2628 pro

358 2648 416 2729 eis,
429 2645 673 2714 successoribus
685 2653 719 2709 et
731 2643 906 2709 heredibus
922 2644 990 2707 suis
1005 2642 1244 2723 confirmatum,
1256 2643 1344 2728 quod
1356 2643 1446 2707 nulla
1455 2643 1562 2708 averia

357 2753 391 2818 in
403 2751 769 2837 suprascriptapastura,
778 2769 836 2834 per
845 2747 1009 2833 predictos
1019 2745 1171 2812 abbatem
1180 2755 1214 2810 et
1223 2747 1562 2825 conventum,Rober·

356 2855 745 2936 tum,etJohannem,seu
753 2873 811 2937 per
820 2851 958 2937 aliquam
969 2871 1192 2915 successorum
1200 2849 1253 2915 vel
1260 2849 1417 2914 heredum
1427 2871 1560 2915 suorum

357 2961 398 3026 de
420 2968 527 3026 cetero
549 2958 739 3044 ag‘stentur,
761 2976 822 3020 nec
843 2954 1034 3038 herbagium
1055 2952 1133 3017 inde
1155 2951 1310 3037 capiatur.
1355 2951 1402 3014 Et
1416 2953 1504 3035 quod
1519 2953 1559 3017 de

357 3063 542 3148 supradicta
563 3069 705 3146 pastura,
721 3068 818 3145 prout
839 3078 898 3143 per
920 3055 1048 3121 bundas
1068 3063 1102 3119 et
1116 3064 1220 3119 metas
1242 3053 1283 3118 de
1302 3073 1465 3117 consensu
1486 3076 1560 3138 par-

356 3167 444 3232 cium
458 3164 582 3250 positas
593 3162 722 3249 plenius
734 3169 878 3247 apparet,
893 3159 980 3224 inter
990 3158 1149 3222 calcetum
1161 3156 1201 3220 de
1217 3155 1362 3220 Sursvvat
1373 3163 1408 3220 et
1421 3155 1558 3221 divisam

355 3271 441 3336 inter
455 3267 627 3333 mariscum
643 3266 683 3331 de
699 3265 857 3331 Scottona
874 3273 909 3329 et
931 3264 1083 3326 Lautona
1095 3260 1155 3324 fiat
1176 3267 1461 3344 appruamentum.
1506 3259 1558 3324 Ita

353 3373 506 3441 videlicet
519 3371 607 3458 quod
621 3367 779 3436 medietas
793 3368 899 3433 tocius
914 3362 1141 3450 appruamenti
1155 3383 1256 3448 penes
1266 3361 1390 3426 dictum
1405 3361 1556 3427 abbatem

353 3475 545 3555 remanebit,
560 3473 705 3558 exceptis
721 3471 786 3537 arii.
810 3469 904 3549 acris,
926 3488 1007 3552 quas
1030 3464 1138 3530 dictus
1160 3463 1330 3529 Johannes
1355 3461 1490 3530 habebit
1515 3465 1556 3530 de

353 3581 507 3668 porcione
522 3577 601 3644 dicti
615 3575 742 3642 abbatis
756 3582 866 3660 preter
880 3570 1068 3658 porcionem
1082 3567 1193 3654 ipsum
1210 3565 1466 3652 contingentem.
1509 3567 1556 3632 Et

133 3685 194 3750 (sd-
204 3690 263 3738 Μ’·
275 3693 324 3754 9¹⁰.)
352 3685 453 3750 altera
471 3682 629 3748 medietas
643 3699 745 3765 penes
760 3677 865 3741 dictos
882 3673 1065 3740 Robertum
1087 3683 1122 3736 et
1135 3670 1158 3737 J
1160 3670 1322 3735 ohannem
1336 3669 1555 3750 [remanebit.

354 3789 407 3854 Ita
436 3787 559 3853 scilicet
584 3785 672 3871 quod
702 3783 765 3846 due
794 3789 903 3866 partes
933 3777 1020 3843 dicte
1044 3773 1228 3840 medietatis
1257 3793 1359 3859 penes
1384 3773 1553 3840 dominum

353 3891 534 3957 Robertum
549 3887 775 3966 remanebunt,
790 3893 825 3949 et
838 3882 939 3949 tercia
952 3903 1028 3967 pars
1042 3899 1145 3965 penes
1159 3877 1343 3963 predictum
1365 3876 1388 3942 J
1389 3877 1552 3944 ohannem

351 3991 541 4071 remanebit,
555 4013 622 4056 una
643 4011 719 4055 cum
739 4009 796 4053 sex
819 3985 902 4051 aeris
917 4005 998 4070 quas
1013 3982 1054 4046 de
1076 3979 1231 4066 porcione
1252 3979 1392 4066 predicti
1416 3979 1552 4045 Roberti

348 4103 458 4182 preter
471 4095 591 4160 dictam
607 4093 734 4158 tertiam
750 4097 876 4178 partem
898 4083 1042 4152 habebit.
1087 4085 1134 4149 Et
1156 4083 1264 4149 dictus
1290 4083 1391 4149 abbas
1414 4092 1448 4147 et
1472 4105 1551 4148 con·

348 4207 466 4265 ventus
481 4207 515 4264 et
532 4217 645 4262 eorum
660 4215 865 4262 successores
879 4190 1023 4258 habeant
1037 4197 1071 4254 et
1085 4197 1220 4253 teneant
1244 4187 1433 4270 porcionem
1456 4207 1548 4269 suam

392 4321 507 4366 caut).
524 4319 598 4365 800.
1349 4307 1373 4354 K
