3938 5022
674 643 886 690 oaaosrcou
905 643 1232 689 esrsoauaosnsu.
1494 624 1555 697 107

399 795 580 862 Edwardus
591 797 654 862 Dei
668 796 769 883 gratia
783 806 843 862 eto.
856 795 1038 861 vicecomiti
1047 795 1284 860 Norhamtonie
1296 794 1444 858 salutem.
1468 795 1555 861 Quia

356 900 493 966 dilectus
508 900 602 965 nobis
616 901 650 964 in
661 900 792 966 Christo
801 899 902 965 abbas
917 900 958 964 de
971 901 1080 984 Burgo
1092 899 1195 963 sancti
1208 898 1295 963 Petri
1305 899 1422 963 clamat
1436 898 1557 964 habere

356 1003 454 1068 talem
468 1003 660 1084 libertatem,
674 1004 825 1070 videlicet
839 1003 927 1089 quod
942 1003 1089 1089 prisones
1104 1024 1164 1088 pro
1179 1001 1437 1087 quibuscumque
1452 1011 1557 1065 trans-

356 1105 576 1190 gressionibus
602 1107 699 1191 capti,
724 1115 758 1170 et
780 1105 814 1168 in
837 1104 968 1189 prisona
990 1105 1030 1168 de
1046 1104 1156 1190 Burgo
1179 1105 1283 1170 sancti
1309 1103 1398 1194 Petri
1423 1104 1559 1182 detenti,

357 1208 479 1274 ibidem
502 1216 538 1272 et
560 1230 628 1272 non
651 1208 727 1273 alibi
742 1206 880 1292 judicari
905 1206 1056 1282 debeant,
1072 1219 1106 1271 et
1131 1208 1287 1272 hactenus
1312 1207 1557 1272 consueverint:

358 1309 430 1374 Nos
446 1329 545 1395 super
557 1309 621 1373 hoc
634 1308 762 1394 plenius
778 1310 943 1374 cerciorari
964 1309 1132 1389 volentes3
1163 1311 1224 1375 tibi
1250 1310 1446 1396 precipimus
1470 1311 1559 1395 quod

359 1413 400 1476 ad
419 1413 631 1498 hutlageriam
650 1413 685 1476 in
699 1412 846 1497 prisones
861 1434 921 1497 pro
936 1422 1041 1476 morte
1056 1412 1204 1477 Wolnoti
1229 1413 1270 1477 de
1286 1413 1511 1498 Kempestona
1525 1414 1560 1476 in

359 1515 445 1579 dicta
469 1515 601 1599 prisona
623 1515 773 1608 detentos
797 1515 1064 1600 promulgandam
1091 1537 1157 1578 non
1175 1515 1336 1599 ,procedas
1359 1515 1438 1578 citra
1467 1515 1561 1598 quin·

360 1618 477 1682 denam
494 1619 616 1682 Pascha
631 1617 779 1702 proximo
795 1619 947 1697 luturarn,
968 1627 1005 1681 ut
1028 1639 1101 1695 nos,
1117 1638 1215 1703 super
1237 1617 1403 1703 premissis
1429 1617 1560 1681 interim

360 1720 535 1800 certiorati,
547 1743 588 1784 ex
599 1729 678 1784 tunc
688 1719 764 1783 inde
774 1718 843 1784 fieri
854 1719 1008 1784 faciamus
1024 1720 1111 1805 quod
1123 1719 1163 1783 de
1174 1720 1248 1805 jure
1259 1720 1356 1784 fuerit
1366 1719 1561 1784 faciendum.

360 1823 458 1888 Teste
481 1823 607 1908 meipso
630 1822 717 1907 apud
740 1821 991 1901 Windlesoram,
1014 1843 1068 1886 xx.
1095 1821 1147 1887 die
1169 1821 1345 1901 Februarii,
1371 1843 1457 1886 anno
1472 1821 1563 1907 regni

361 1924 465 1990 nostri
480 1925 590 1988 tercio.

405 2028 585 2092 Edwardus
597 2026 661 2091 Dei
671 2029 774 2112 gratia
787 2036 849 2093 etc.
859 2026 1041 2092 vicecomiti
1052 2027 1291 2094 Norhamtonie
1304 2029 1451 2092 salutern.
1475 2025 1564 2103 Quia

362 2128 499 2192 dilectus
513 2125 608 2191 nobis
623 2125 657 2190 in
671 2127 803 2193 Christo
818 2129 918 2194 abbas
934 2131 974 2196 de
990 2132 1099 2216 Burgo
1115 2131 1218 2196 sancti
1235 2131 1322 2196 Petri
1336 2131 1434 2196 talem
1444 2131 1562 2196 clamat

362 2230 480 2298 habero
495 2229 688 2310 libertatem,
703 2231 852 2297 videlicet
866 2234 953 2319 quod
969 2235 1190 2299 malefactores
1205 2235 1257 2298 vel
1280 2234 1333 2297 alii
1356 2255 1415 2317 pro
1430 2232 1563 2318 quibus·

363 2355 502 2420 cumque
531 2334 824 2420 trangressionibus
848 2337 932 2401 infra
957 2337 1139 2402 libertatem
1165 2337 1269 2401 sancti
1293 2336 1382 2400 Petri
1407 2336 1504 2420 capti,
1529 2336 1564 2399 in

364 2439 495 2522 prisona
518 2445 630 2501 nostra
644 2437 685 2501 de
700 2438 809 2524 Burgo
826 2440 929 2504 sancti
955 2440 1041 2504 Petri
1067 2449 1101 2504 et
1126 2461 1193 2504 non
1209 2438 1287 2503 alibi
1301 2438 1441 2502 debeant
1454 2437 1564 2522 impri·

364 2539 482 2618 sonari,
511 2549 545 2602 et
579 2538 736 2602 hactenus
776 2540 1023 2605 consueverint:
1059 2541 1131 2606 Nos
1162 2561 1260 2625 super
1297 2539 1361 2604 hoo
1398 2539 1565 2604 cerciorari

363 2643 533 2722 volentes3
557 2641 617 2706 tibi
639 2642 834 2728 precipimus
859 2644 946 2730 quod
972 2644 1013 2708 ad
1035 2644 1247 2730 hutlageriam
1272 2644 1306 2708 in
1332 2641 1479 2728 prisones
1505 2665 1565 2729 pro

364 2757 468 2812 morte
483 2746 631 2811 Wolnoti
655 2746 696 2812 de
713 2747 937 2832 Kempestona
952 2747 985 2812 in
1001 2747 1087 2812 diets
1101 2749 1233 2834 prisona
1248 2749 1398 2814 detentos
1422 2747 1565 2832 promul-

363 2851 521 2937 gandam3
547 2872 611 2914 non
628 2851 783 2935 procedas
799 2852 878 2916 citra
893 2851 1011 2916 festum
1021 2852 1231 2918 Pentecostes
1245 2853 1394 2937 proximo
1407 2853 1564 2929 futurum,

365 2964 403 3020 ut
427 2975 488 3018 nos
505 2975 602 3038 super
626 2953 793 3038 premissis
816 2953 946 3018 interim
966 2955 1142 3033 cerciomti,
1158 2965 1192 3019 et
1216 2955 1293 3019 inda
1316 2954 1385 3018 fieri
1410 2955 1566 3018 faciamus

367 3056 455 3141 quod
470 3056 510 3119 de
521 3056 594 3140 jare
617 3055 714 3119 luerit
736 3056 928 3120 faciendum.
971 3057 1070 3121 Teste
1085 3058 1211 3140 meipso
1227 3056 1314 3141 apud
1341 3055 1568 3120 Westmonas·

366 3157 494 3235 terium,
509 3157 607 3221 xxvii.
623 3157 675 3221 die
690 3157 823 3241 Aprilis,
838 3179 924 3222 anno
940 3157 1030 3243 regni
1044 3158 1147 3222 nostri
1162 3157 1273 3222 tercio.

410 3259 589 3323 Edwardus
615 3257 678 3322 Dei
705 3259 818 3343 gratia,
848 3269 909 3324 etc.
939 3259 1121 3325 vicecomiti
1150 3259 1389 3324 Norhamtonie
1419 3258 1568 3322 salutem.

368 3361 453 3432 Cum
468 3382 573 3447 nuper
596 3359 656 3424 tibi
682 3361 921 3446 preceperimus
938 3361 1037 3446 quod,
1061 3359 1237 3446 assumptis
1252 3370 1362 3426 tecum
1377 3358 1568 3424 custodibus

367 3466 558 3551 placitorum
573 3485 691 3530 corone
707 3473 827 3544 nostre,
849 3463 883 3528 in
899 3465 995 3549 pleno
1010 3465 1166 3529 comitutu
1187 3473 1245 3530 tuo
1260 3485 1318 3549 per
1333 3473 1570 3529 sacramentum

367 3569 544 3655 proborum
560 3579 593 3634 ot
618 3566 767 3652 legalium
790 3566 960 3632 hominum
975 3567 1122 3652 ejusdem
1137 3567 1322 3646 comitatus,
1347 3589 1404 3652 per
1427 3587 1509 3651 quos
1524 3564 1571 3630 rei

369 3672 486 3736 veritas
509 3672 624 3736 melius
640 3669 714 3735 sciri
738 3679 860 3756 posset,
885 3669 1054 3754 diligenter
1077 3667 1254 3753 inquireres
1278 3678 1388 3732 utrum
1402 3667 1570 3733 ‚lohannes

372 3776 502 3855 Fauvcl,
540 3775 640 3860 Hugo
671 3774 802 3853 Fauvel,
840 3773 1007 3838 Gallridus
1038 3772 1168 3851 Fauvel,
1187 3773 1190 3778 '
1208 3773 1365 3837 Ricardus
1397 3772 1493 3836 Ridel
1531 3771 1570 3834 de

371 3879 582 3964 Witeringes,
596 3879 720 3942 Alanus
738 3876 977 3955 Svctinbedde,
995 3875 1156 3940 Robertus
1171 3876 1201 3941 lc
1213 3877 1327 3955 Escot,
1347 3875 1528 3941 Nicholaus
1542 3874 1573 3938 le

374 3981 478 4061 Clerc,
494 3982 602 4046 David
628 3982 659 4046 le
674 3981 789 4059 Escot,
816 3978 962 4065 Rogerus
978 3978 1129 4065 Aubeny,
1154 3980 1272 4045 Petrus
1289 3979 1391 4057 Belle,
1406 3979 1573 4042 Walterus

372 4084 414 4150 de
430 4083 609 4167 Osgoteby,
635 4083 818 4148 Willelmus
833 4081 1050 4166 Taylemayle,
1078 4081 1241 4145 Henricus
1255 4079 1285 4144 le
1302 4080 1447 4157 Careter,
1474 4079 1574 4162 Hugo

373 4186 485 4273 Kyng,
499 4186 643 4250 Thomas
658 4185 688 4250 le
705 4187 822 4264 Grant,
835 4183 1019 4249 Willelmus
1044 4183 1073 4248 le
1090 4184 1180 4262 Bret,
1195 4181 1302 4246 Adam
1324 4183 1354 4246 le
1371 4183 1458 4260 Bret,
1478 4181 1575 4264 Hugo
