3938 5022
651 670 865 718 cunourcou
883 671 1209 718 rurnonununnsu.
1473 651 1535 728 127

331 825 373 890 cd
387 823 532 910 predicta
545 822 641 890 feoda
654 823 830 910 pertinent.
874 825 921 890 Et
944 825 1032 891 idem
1048 825 1255 891 Baldewinus
1271 833 1305 890 et
1325 824 1462 889 heredes
1486 823 1538 887 sui

331 927 421 1012 ipsos
450 926 631 1013 acquietare
655 925 796 992 debeant
817 947 932 992 versus
958 949 1072 992 ornnes
1097 926 1249 992 homines
1269 948 1329 1012 per
1353 925 1537 1011 predictum

332 1029 503 1096 servicium
512 1055 522 1110 ς
546 1029 712 1115 predictus
726 1029 839 1095 Abbas
855 1031 1027 1116 distringet
1050 1031 1141 1117 ipsos
1156 1030 1198 1094 ad
1222 1039 1342 1095 sectam
1358 1029 1538 1094 faciendam

331 1133 373 1198 cd
398 1135 520 1200 curiam
534 1133 639 1218 ipsius
664 1132 804 1200 Abbatis
819 1135 861 1200 de
876 1135 992 1201 Castro
1016 1135 1057 1199 de
1071 1135 1177 1200 tribus
1193 1134 1385 1221 septimanis
1410 1133 1446 1198 in
1470 1141 1539 1198 tres

337 1239 546 1323 septimanas.
601 1238 700 1305 Unde
723 1238 838 1303 dicunt
861 1239 950 1325 quod
970 1260 1031 1324 pro
1061 1239 1191 1305 defectu
1213 1238 1414 1325 aquietcncie
1439 1235 1543 1322 ipsius

333 1342 513 1408 Baldewini
535 1341 721 1408 deteriorati
745 1351 881 1407 suntet
907 1342 1086 1428 dampnum
1108 1343 1232 1408 habent
1255 1344 1296 1408 ad
1319 1341 1498 1408 valenciam
1513 1363 1543 1408 c.

333 1443 523 1523 solidorum,
537 1453 572 1509 et
585 1444 662 1509 inde
676 1444 828 1530 producit
843 1451 977 1523 sectam,
991 1453 1053 1508 etc.

376 1548 423 1612 Et
444 1546 652 1612 Baldewinus
666 1547 760 1610 venit
780 1557 814 1612 et
835 1545 919 1613 bene
935 1546 1103 1632 cognoscit
1127 1547 1214 1632 quod
1240 1545 1376 1632 predicti
1393 1543 1493 1630 Hugo
1508 1554 1542 1611 et

334 1649 487 1716 Johanna
501 1659 616 1716 tenent
629 1649 776 1734 predicta
789 1651 830 1716 de
844 1650 917 1737 ipso
932 1671 991 1736 per
1006 1650 1141 1716 servicia
1156 1672 1218 1737 que
1234 1651 1275 1715 ad
1285 1649 1433 1736 predicta
1446 1649 1542 1713 feoda

335 1753 512 1838 pertinent.
553 1753 601 1818 Et
624 1753 713 1837 quod
737 1753 802 1839 ipsi
827 1761 862 1818 et
886 1753 1022 1819 heredes
1043 1755 1094 1818 sui
1118 1754 1208 1840 ipsos
1223 1753 1405 1839 acquietare
1420 1751 1542 1818 debent

335 1861 449 1922 versus
463 1878 578 1922 omnes
592 1857 752 1937 homines,
768 1867 801 1922 et
816 1857 904 1944 quod
926 1857 967 1923 de
982 1867 1089 1923 cetero
1104 1858 1194 1943 ipsos
1209 1856 1451 1944 acquietabunt
1495 1858 1542 1923 Et

336 1981 396 2045 pro
421 1961 483 2025 hac
497 1960 685 2046 cognicionc
705 1961 842 2046 predicti
869 1961 968 2046 Hugo
984 1970 1018 2028 et
1040 1961 1063 2028 J
1065 1961 1194 2027 ohanna
1207 1961 1381 2027 remittunt
1395 1961 1542 2046 predicto

337 2062 526 2128 Baldewino
541 2065 683 2149 dampna
698 2085 767 2143 sua,
785 2077 848 2128 etc.

381 2166 528 2252 Sequens
556 2166 847 2232 inrotulamentum
872 2168 1057 2233 invenietur
1081 2169 1116 2234 in
1146 2169 1254 2234 rotulo
1278 2168 1473 2255 placitorum
1502 2166 1543 2231 de

337 2267 504 2334 Scaccario
521 2266 630 2353 Regis,
645 2289 732 2332 anno
746 2268 838 2354 regni
853 2269 952 2355 Regis
967 2271 1120 2336 Edwardi
1136 2281 1261 2356 quarto.

379 2369 492 2435 Abbas
519 2370 560 2435 de
584 2370 696 2456 Burgo
720 2370 915 2435 attachiatus
941 2372 1004 2436 fuit
1034 2371 1075 2436 ad
1096 2370 1362 2456 respondendum
1388 2371 1543 2457 magistro

337 2475 464 2561 Rogero
474 2474 515 2538 de
524 2472 704 2559 Sepertona
718 2481 753 2537 et
763 2473 859 2539 sociis
875 2474 954 2554 suis,
963 2473 1190 2540 executoribus
1204 2474 1407 2539 Testamenti
1417 2474 1543 2539 Thome

338 2576 526 2656 Passelewe,
538 2576 579 2641 de
594 2575 695 2641 xxvii.
711 2575 827 2640 marcis
842 2585 876 2641 et
891 2575 1035 2656 dimidia,
1046 2598 1126 2663 quas
1142 2576 1242 2642 debet
1255 2577 1362 2643 cidem
1378 2577 1543 2643 defuncto.

337 2678 438 2744 Venit
461 2700 520 2765 per
544 2680 676 2744 fratrem
691 2679 894 2744 Willelmum
910 2680 951 2744 de
966 2679 1146 2746 Wodeford
1169 2689 1370 2747 attornatum
1394 2702 1490 2746 suum
1511 2689 1546 2744 et

339 2782 610 2846 commonachum
640 2803 747 2846 suum.
806 2782 854 2847 Et
885 2782 974 2847 idem
998 2791 1181 2848 attomatus
1205 2783 1395 2868 recognovit
1420 2783 1543 2848 dictum

339 2882 489 2948 abbatem
502 2882 619 2948 debere
634 2883 740 2948 dictos
750 2883 912 2950 denarios.
942 2885 994 2949 De
1010 2883 1128 2970 quibus
1139 2885 1226 2949 idem
1243 2894 1425 2949 attomctus
1439 2884 1548 2950 reddit

339 2988 465 3074 prefato
485 2987 640 3070 magistro
656 2988 784 3071 Rogero
803 2986 1021 3052 incontinenti
1045 3008 1078 3052 x.
1093 3009 1229 3066 marcas,
1253 2997 1287 3052 et
1308 2986 1453 3052 residuas
1468 2987 1546 3053 xvii.

341 3109 464 3154 marcas
475 3097 510 3153 et
523 3087 690 3153 dimidiam
701 3088 816 3153 reddet
823 3086 989 3173 predictus
999 3087 1112 3152 Abbas
1120 3089 1254 3174 prefatis
1266 3088 1493 3154 executoribus
1504 3088 1546 3152 ad

341 3189 498 3256 terminos
514 3190 727 3276 subscriptos,
748 3189 900 3255 videlicet
922 3189 964 3253 ad
988 3189 1111 3256 Pascha
1132 3189 1283 3274 proximo
1307 3190 1453 3255 futurum
1478 3189 1546 3257 viii.

341 3314 466 3359 marcas
481 3303 514 3359 et
528 3315 560 3360 x.
573 3292 705 3372 solidos,
715 3302 749 3358 et
759 3293 800 3357 ad
814 3293 934 3358 festum
945 3291 1049 3356 suncti
1059 3291 1231 3356 Michaelis
1243 3293 1393 3377 proximo
1405 3315 1545 3378 sequens

341 3396 409 3462 viii.
424 3417 547 3460 marcas
562 3403 596 3460 et
610 3417 643 3459 x.
659 3393 792 3460 solidos.
836 3394 882 3458 Et
895 3393 959 3458 nisi
973 3394 1097 3475 fecerit,
1112 3395 1273 3460 concessit
1297 3396 1384 3482 quod
1401 3395 1545 3464 Berones

342 3499 412 3566 fieri
437 3499 561 3564 faciunt
584 3497 748 3584 predictos
772 3496 922 3563 denarios
946 3498 986 3563 de
1012 3497 1117 3578 terris,
1141 3497 1249 3577 bonis,
1275 3508 1310 3564 et
1332 3499 1453 3564 catallis
1469 3500 1548 3566 suis.

344 3603 462 3669 Postea
477 3602 574 3668 solvit
588 3601 695 3667 dictus
710 3600 810 3666 abbas
824 3622 883 3686 per
896 3599 1080 3686 predictum
1094 3609 1294 3666 attornatum
1310 3623 1407 3666 suum
1421 3604 1547 3689 prefato

343 3705 496 3790 magistro
512 3705 641 3790 liugero
656 3701 724 3768 viii.
738 3724 863 3768 marcas
874 3725 906 3768 x.
919 3701 1041 3768 solidos
1051 3703 1092 3769 de
1103 3703 1249 3790 predicto
1260 3703 1401 3770 termino
1413 3705 1547 3786 Pasohe,

345 3807 430 3872 sieut
443 3808 586 3873 Thomas
603 3807 721 3872 Pechel
735 3815 919 3872 attornatus
935 3807 1073 3892 predicti
1086 3807 1233 3894 magistri
1247 3808 1446 3894 recognovit.

120 3937 179 4004 σοι,
191 3935 304 4001 ma)
388 3909 575 3990 [Placitum
594 3911 680 3975 inter
695 3911 869 3976 Ricardum
885 3909 1035 3976 abbatem
1059 3919 1092 3976 et
1118 3911 1332 3976 Eustachium
1353 3911 1500 3977 Malerbe
1515 3921 1549 3978 et

346 4011 529 4096 Burgenses
558 4013 796 4079 Norhamtonie
827 4014 946 4079 Coram
976 4013 1160 4079 Beronibus
1190 4013 1230 4078 de
1257 4013 1433 4095 Scacccrio,
1462 4037 1548 4080 anno

344 4115 434 4203 regni
445 4113 543 4200 Regis
558 4115 709 4180 Edwardi
724 4117 782 4180 filii
797 4117 895 4201 Regis
912 4117 1045 4182 Henrici
1060 4117 1160 4182 xviii.

122 4241 303 4292 normanis.
387 4217 500 4283 Abbas
516 4217 556 4282 de
573 4217 682 4300 Burgo
697 4218 877 4282 atachiatus
892 4218 955 4280 fuit
968 4217 1010 4280 ed
1024 4217 1288 4301 respondendum
1305 4218 1385 4302 Regi
1406 4227 1440 4282 et
1463 4218 1550 4282 Eus-
