3894 5024
865 649 1066 694 arrasum.
1504 637 1566 694 169

360 797 387 844 in
398 795 526 846 sibertune
536 803 561 845 et
572 797 670 847 Ettoua.
704 798 821 848 Rioardus
830 802 899 850 heres
915 803 1034 850 Auketilli
1044 803 1130 865 genuit
1141 801 1282 850 Galffidum
1293 802 1325 850 de
1336 802 1425 850 Sancto
1442 803 1566 864 Medardo,

361 885 386 926 et
397 878 527 940 Hugonsm
539 879 618 937 Ridel,
629 880 659 926 da
668 879 768 927 Mobilla
779 882 858 930 Ridel.
892 883 941 931 Iute
950 883 1074 931 Gallu-idus
1082 884 1168 945 genuit
1179 883 1287 930 Petrum.
1322 883 1408 930 Petrus
1413 885 1499 945 genuit
1507 883 1567 931 (ial-

360 959 458 1010 iridum.
492 961 541 1008 Iste
548 961 595 1008 fuit
605 962 631 1008 iu
639 963 748 1009 custodia
759 965 852 1011 abbatis
864 963 997 1022 Benedicti,
1007 965 1050 1025 qui
1060 970 1142 1025 postea
1154 963 1200 1011 init
1210 963 1325 1024 leprosus,
1334 969 1358 1010 et
1368 965 1454 1025 genuit
1465 965 1564 1012 Petrum

361 1042 403 1102 qui
414 1043 460 1090 tuit
471 1043 496 1089 in
508 1044 616 1090 custodia
625 1045 718 1092 abbatia
728 1044 836 1094 acharii.
870 1046 919 1094 iste
939 1046 1025 1094 Petrus
1041 1047 1127 1108 genuit
1146 1045 1285 1094 Galiridum
1305 1046 1348 1107 qui
1359 1046 1406 1093 luit
1416 1045 1442 1092 iu
1454 1047 1563 1095 custodia

361 1122 463 1171 abbatis
474 1122 614 1187 Martini.)*

137 1197 203 1259 (foi.
211 1197 279 1250 eiiii.
289 1200 335 1265 at)
372 1203 379 1269 1
393 1205 510 1254 Rioardus
522 1207 631 1269 Euguuie
643 1207 679 1256 .il.
690 1208 756 1257 hidre
766 1209 792 1255 iu
810 1208 1001 1267 Hamtonasoira‚
1012 1215 1036 1257 et
1052 1209 1125 1256 servit
1135 1223 1180 1270 pro
1198 1207 1226 1256 .i.
1238 1208 1323 1258 milite.
1357 1207 1406 1257 Sed
1424 1210 1561 1258 sooumauui

359 1286 450 1334 indunt
461 1294 570 1348 quartam
580 1295 672 1350 partem
683 1290 773 1350 militis,
782 1296 806 1338 et
816 1291 867 1352 ipse
879 1291 922 1339 .iii.
934 1297 1013 1352 partes
1024 1291 1096 1337 unius
1107 1291 1201 1337 militis.

391 1367 508 1430 Rogerius
516 1369 600 1416 Iuluns
607 1371 705 1416 tenetin
714 1369 896 1418 Hamtonaeolra
906 1372 957 1418 ,xii
969 1372 1046 1429 hidas,
1055 1371 1143 1418 atinde
1151 1372 1223 1418 servit
1233 1384 1259 1417 se
1269 1371 1310 1418 .vi.
1318 1371 1432 1429 militum,
1440 1378 1464 1420 et
1470 1373 1561 1420 salum-

357 1451 439 1496 ulatur
448 1465 474 1497 aa
484 1465 533 1498 esse
544 1452 688 1500 minoratum
699 1454 730 1501 de
742 1455 768 1502 .i.
780 1454 838 1500 hida
846 1461 870 1501 et
880 1453 980 1500 dimidia
990 1454 1015 1500 in
1027 1453 1151 1512 Codestoe,
1159 1459 1183 1499 et
1195 1455 1220 1498 iu
1232 1453 1358 1499 Lindessia
1369 1454 1395 1500 .i.
1405 1461 1562 1504 oamuoamm.

391 1532 445 1580 Viel
456 1533 566 1595 Eugauie
576 1549 606 1581 eu
617 1535 680 1596 'l'orp
693 1537 736 1585 .iii.
748 1537 820 1598 virgas
831 1541 856 1584 ot
866 1551 897 1583 en
913 1536 1053 1597 Haragrura
1063 1536 1163 1583 dimidia
1173 1536 1239 1595 hida,
1250 1541 1275 1582 et
1292 1549 1323 1582 eu
1341 1535 1446 1583 Pihtesle
1463 1537 1520 1584 hida
1536 1543 1561 1585 et

358 1613 466 1672 dimidia,
477 1619 501 1662 et
513 1615 539 1663 .i.
552 1615 625 1678 virga,
636 1623 660 1664 et
670 1617 796 1664 servioium
807 1631 850 1678 pro
863 1617 890 1665 .i.
901 1617 987 1664 milite.

391 1695 518 1744 Gosd'idus
533 1711 608 1760 nepes
623 1698 726 1746 Abbatis
743 1705 810 1746 tenet
830 1699 889 1748 ,rili
909 1699 980 1746 hidas
996 1699 1022 1745 lu
1045 1698 1238 1758 Hamtouasoira,
1262 1703 1287 1746 et
1306 1698 1363 1746 inde
1382 1699 1455 1746 servit
1471 1713 1496 1746 se
1517 1698 1561 1748 .iil.

358 1778 471 1829 militum.

389 1861 515 1910 Aseeliuru
526 1862 557 1909 de
567 1861 717 1910 Waltsrrilla
727 1867 792 1911 tenet
804 1863 865 1911 ¹xiii.
876 1862 953 1922 hidas,
965 1867 989 1910 et
999 1862 1031 1910 .ii.
1043 1867 1121 1924 panea
1131 1861 1158 1910 .i.
1171 1861 1253 1924 virgae,
1265 1869 1290 1910 st
1300 1862 1358 1909 iude
1368 1863 1440 1910 servit
1450 1876 1475 1909 se
1486 1862 1560 1910 teruio

357 1943 442 1992 milite.

390 2024 423 2071 Et
432 2029 519 2085 praeter
528 2025 574 2072 hoo
584 2030 650 2073 tenet
661 2026 687 2074 .i.
699 2025 782 2073 hidam
793 2031 817 2074 et
828 2027 855 2074 .i.
868 2027 959 2089 virgam
969 2032 1039 2075 terrm
1049 2001 1093 2088 pro
1105 2041 1141 2074 .x.
1153 2025 1235 2074 solidis
1245 2041 1306 2087 quos
1316 2026 1397 2074 reddit
1406 2025 1438 2073 ad
1448 2025 1523 2073 altare
1534 2025 1560 2072 iu

357 2103 398 2149 dia
409 2103 542 2151 festivitatis
552 2104 635 2152 Sancti
647 2103 782 2154 Michaelis.

283 2201 291 2216 ·
370 2180 377 2248 Ι
391 2181 527 2232 Willelmus
538 2185 568 2232 de
580 2185 684 2248 Burgele
695 2187 738 2234 .iii.
748 2187 818 2233 hidas
829 2192 853 2234 et
864 2187 887 2235 .i.
897 2187 988 2249 virgam
1000 2193 1024 2234 et
1035 2185 1161 2233 dimidiam
1172 2187 1198 2233 iu
1210 2186 1402 2244 Humtouasoira,
1414 2185 1475 2232 etin
1487 2185 1559 2231 Lers-

356 2269 493 2314 oestmoira
503 2267 628 2316 dimidiam
638 2270 721 2316 hidam
731 2271 762 2316 ud
773 2269 900 2316 tervisium
911 2271 942 2317 ds
954 2270 1045 2327 Buroh,
1058 2275 1082 2316 et
1093 2269 1181 2315 clamat
1192 2269 1373 2329 praeposituram
1384 2269 1415 2314 de
1430 2267 1560 2314 Stauiorda

356 2349 382 2394 iu
393 2347 466 2398 {eudo
475 2365 519 2412 pro
531 2367 565 2399 .x.
576 2351 652 2410 libris,
663 2359 687 2398 et
695 2357 775 2399 tamen
787 2358 893 2412 tempore
905 2351 1045 2412 Raunulphi
1056 2351 1137 2398 reddit
1147 2351 1205 2396 inde
1216 2349 1285 2399 ⁸xiiii.
1295 2350 1368 2396 libras
1379 2367 1385 2407 ;
1401 2349 1473 2396 modo
1480 2348 1561 2394 reddit

366 2431 400 2479 xil
437 2467 684 2482 ..........
703 2433 808 2481 etservit
819 2433 930 2480 sealtero
941 2433 1027 2479 milite.

388 2512 525 2562 willelmus
541 2515 604 2562 illius
623 2514 720 2561 Rudulll
732 2514 784 2562 .iiii.
797 2513 865 2560 hidas
875 2519 900 2560 et
912 2513 938 2562 .i.
952 2513 1051 2574 virgum,
1068 2519 1093 2560 et
1106 2512 1149 2561 .iii.
1162 2517 1255 2573 partem
1266 2511 1291 2560 .i.
1305 2511 1377 2574 virgas
1388 2511 1413 2558 iu
1425 2509 1558 2557 Hamtona·

354 2595 423 2655 suna,
434 2602 459 2644 et
469 2598 494 2644 in
507 2597 633 2646 lindeseia
645 2597 696 2645 .iiii.
709 2602 853 2655 oamuoatas,
866 2596 956 2643 atinde
966 2596 1039 2643 servit
1048 2609 1074 2642 se
1084 2595 1159 2643 tersio
1170 2595 1256 2642 milite.

388 2679 507 2726 deulius
515 2681 545 2728 ds
556 2680 580 2727 la
591 2680 658 2727 Mare
668 2679 704 2727 .ii.
717 2679 786 2726 hidas
796 2685 821 2726 et
832 2679 957 2726 dimidiam
969 2679 994 2725 iu
1012 2677 1204 2739 Hamtouuaoira,
1221 2683 1246 2725 et
1257 2678 1293 2726 .ii.
1306 2683 1442 2726 wrueates
1452 2682 1477 2724 et
1487 2675 1558 2722 dimi-

355 2759 421 2807 diam
432 2762 458 2807 in
470 2759 655 2822 Linoolnesoira,
665 2769 689 2810 et
699 2762 757 2809 inde
767 2761 839 2808 servit
849 2775 874 2808 se
884 2761 928 2809 .iii.
938 2761 1024 2808 milite.

388 2962 405 2993 θ
421 2964 463 3011 All
473 2965 584 3012 enoloaed
595 2967 703 3013 betwem
713 2965 824 3012 braolats
834 2967 854 3012 is
864 2980 880 3011 a
890 2967 951 3013 later
960 2966 1070 3012 addition
1078 2966 1150 3012 ottho
1159 2965 1217 3013 timo
1227 2965 1254 3012 oi
1262 2965 1323 3025 king
1331 2965 1416 3025 Henry
1421 2965 1463 3012 the
1474 2965 1559 3024 Third,

354 3059 485 3107 asappears
492 3047 524 3105 by
531 3045 572 3094 the
580 3047 687 3093 mention
693 3047 720 3092 oi
725 3045 815 3092 Martiu
823 3047 854 3093 de
861 3045 969 3106 Rumam,
977 3047 1065 3092 woond
1074 3046 1101 3092 oi
1106 3046 1148 3092 the
1156 3059 1236 3102 name,
1245 3045 1327 3093 Abbot
1334 3045 1361 3092 oi
1367 3045 1557 3107 Paterborough.

355 3128 386 3176 Iu
397 3128 439 3174 the
449 3127 539 3187 history
549 3128 577 3174 ot
584 3127 626 3175 the
636 3133 770 3187 monastery
781 3126 808 3174 oi
818 3127 901 3188 Burgh
918 3129 950 3187 by
962 3126 1038 3188 Hugh
1056 3126 1189 3184 Candidus,
1200 3141 1224 3187 p.
1236 3125 1278 3185 58,
1290 3140 1326 3172 we
1337 3126 1397 3172 have
1409 3127 1424 3152 “
1434 3125 1557 3174 Galli-idus

355 3211 387 3258 de
397 3210 487 3257 Sancto
498 3210 615 3257 Medardo
625 3216 691 3257 tenet
699 3210 730 3256 de
740 3209 829 3256 Sanoto
836 3209 908 3257 Petro
919 3215 944 3256 ot
955 3209 985 3256 de
992 3210 1079 3256 abbate
1090 3213 1114 3256 et
1124 3213 1245 3255 conventu
1257 3208 1287 3254 do
1299 3207 1380 3254 Buroh
1392 3207 1417 3254 in
1429 3207 1557 3255 Nerthum·

355 3299 463 3352 toueme
469 3291 552 3340 desum
559 3292 642 3352 hydas,
652 3297 677 3338 et
687 3297 735 3339 tres
744 3297 822 3351 partes
832 3291 905 3338 unius
911 3291 1008 3351 virgata
1016 3297 1094 3348 terrm,
1102 3288 1193 3336 soiliost
1201 3289 1227 3334 in
1233 3287 1403 3346 l'horuhauno,
1411 3287 1557 3350 water-inge,

354 3375 489 3432 sibertune,
505 3381 530 3422 et
546 3375 642 3431 hittone,
659 3380 683 3421 et
693 3373 843 3434 pertiuentiis
857 3387 947 3421 eorum.
980 3372 1014 3420 Et
1029 3373 1055 3419 iu
1076 3371 1243 3430 Liuooluesyrs
1262 3377 1310 3418 tres
1327 3376 1461 3418 oarruoatu
1479 3377 1558 3428 terren

352 3459 444 3506 soilioet
455 3459 480 3504 in
492 3458 619 3519 Augoteby
630 3461 654 3503 st
664 3456 813 3517 pertinentiis
823 3455 879 3513 suis,
890 3461 915 3501 et
926 3455 983 3501 inda
993 3454 1052 3502 iacit
1062 3453 1161 3515 plenum
1171 3453 1343 3500 servitiumsex
1354 3451 1484 3500 militum.”
1516 3452 1556 3500 He

353 3541 411 3587 then
422 3539 501 3600 oopies
519 3539 567 3585 this
577 3537 725 3597 manuscript
740 3550 767 3582 as
777 3541 802 3583 tu
813 3535 880 3596 Kiug
892 3533 1006 3582 William.
1040 3533 1126 3580 Under
1136 3535 1151 3558 “
1158 3533 1254 3580 Primus
1264 3533 1373 3580 teoffatus
1383 3531 1516 3580 Asketillus
1526 3535 1558 3582 ds

352 3621 443 3668 Sauoto
450 3619 591 3676 Medardo‚”
599 3616 675 3677 Hugh
686 3615 811 3664 Candidus
819 3615 861 3662 has
868 3615 954 3675 oopied
962 3615 1010 3661 this
1020 3615 1133 3662 enclosed
1140 3614 1237 3676 portion
1245 3615 1271 3660 iu
1280 3613 1313 3660 all
1323 3619 1427 3676 respecta
1435 3629 1490 3662 aava
1501 3629 1556 3673 oue,

351 3701 454 3760 namely,
461 3701 502 3748 tha
512 3698 668 3748 substitution
676 3697 703 3744 oi
707 3697 747 3745 the
756 3711 826 3744 name
832 3696 860 3744 ol
866 3695 973 3742 Matthaei
982 3695 1019 3742 {or
1027 3695 1135 3753 Martini,
1146 3695 1269 3742 donadeus
1275 3710 1307 3742 au
1318 3710 1384 3744 error
1394 3696 1421 3743 ol
1429 3696 1471 3743 the
1481 3710 1554 3757 prees.

351 3783 403 3828 The
413 3783 536 3843 following
547 3787 615 3841 sntry
626 3795 692 3842 upon
703 3780 745 3828 the
757 3779 811 3826 Roll
823 3779 849 3826 oi
858 3779 899 3825 the
910 3777 1057 3839 Exohequer
1067 3778 1094 3826 oi
1103 3778 1144 3825 the
1154 3779 1292 3839 thirty-lint
1302 3793 1358 3840 year
1368 3778 1396 3826 oi
1404 3779 1446 3825 the
1455 3778 1523 3839 reign
1532 3777 1559 3824 oi

353 3861 419 3922 King
427 3861 509 3922 Heury
516 3863 557 3910 the
567 3862 641 3920 First,
650 3861 729 3910 under
738 3861 938 3918 Norhumtsaoira,
946 3861 1074 3908 mortuina
1082 3861 1124 3908 the
1130 3861 1189 3907 time
1196 3861 1224 3907 ol
1228 3860 1270 3908 the
1276 3862 1374 3908 deense
1380 3861 1407 3907 ol
1413 3860 1517 3907 Riohsrd
1525 3859 1557 3906 de

352 3941 423 3988 Suiut
442 3941 551 3999 Medard,
562 3943 603 3989 the
619 3943 671 3990 heir
681 3941 709 3988 oi
722 3941 827 3988 Anketel
843 3942 874 3988 de
890 3940 960 3988 Saint
976 3941 1144 3989 Medard:-“
1154 3941 1291 3988 Willelmus
1305 3941 1459 3988 Flandreusis
1476 3940 1557 3988 reddit

352 4027 490 4082 oompotum
506 4022 537 4067 de
549 4022 632 4069 arrii.
644 4024 731 4070 mareis
741 4023 834 4084 argenti
850 4037 894 4083 pro
910 4022 1010 4069 Mobilis
1025 4037 1101 4070 uxore
1113 4023 1210 4070 Rioardi
1225 4023 1255 4069 de
1266 4022 1355 4070 Sannio
1367 4022 1483 4069 Medardo
1499 4034 1556 4068 oum

352 4181 1557 4247 Ansohetillus,rusaloitheAbbotoiPeterborough,holdsosgotebi(1ugoldsby)inLinoolnshire.

397 4289 512 4334 GAMD.
529 4287 603 4334 800.
1392 4285 1410 4326 z
