3812 5030
419 577 460 636 26
738 589 951 635 onnomcon
977 586 1304 636 raunoauaounsa.

419 753 546 810 retenta
568 742 659 806 dabit
679 741 746 826 regi
769 741 803 805 in
830 742 987 807 scaccario
1016 763 1076 807 suo
1107 740 1147 805 ad
1173 741 1292 804 festum
1319 737 1423 802 sancti
1449 733 1619 800 Michaelis

421 845 568 932 quolibet
596 865 682 908 anno
706 843 794 908 mille
817 865 951 909 marcas.
1007 845 1053 908 Et
1076 844 1132 908 dat
1157 842 1188 906 ei
1213 863 1300 906 nunc
1324 839 1358 904 in
1381 838 1540 925 principio
1560 857 1620 922 pro

422 948 571 1033 ingressu
585 944 735 1009 habendo
759 945 845 1009 mille
860 968 993 1011 marcas.
1037 946 1084 1010 Et
1098 944 1327 1010 nichilominus
1348 941 1482 1026 incipiet
1496 940 1621 1005 solvere

423 1051 519 1115 mille.
534 1069 658 1114 marcas
681 1049 714 1113 in
730 1050 814 1114 festo
839 1050 942 1114 sancti
957 1049 1138 1128 Michaelis,
1164 1057 1198 1112 et
1222 1047 1268 1112 sic
1283 1047 1323 1112 de
1339 1068 1424 1110 anno
1439 1046 1473 1110 in
1489 1066 1622 1109 annum.

425 1154 551 1240 Oweyn
576 1173 654 1216 vero
680 1153 778 1217 frater
800 1153 882 1237 ejus,
906 1152 961 1237 qui
986 1152 1049 1218 fuit
1067 1152 1101 1217 in
1124 1173 1249 1217 carcere
1277 1172 1336 1236 per
1358 1149 1480 1214 multos
1509 1169 1623 1226 annos,

425 1258 579 1323 liberatus
609 1266 660 1322 est
686 1267 720 1322 et
743 1266 808 1321 stet
833 1277 907 1321 cum
932 1255 1065 1322 domino
1093 1279 1186 1343 rege3
1209 1266 1242 1320 et
1264 1255 1359 1320 multi
1383 1254 1436 1318 alii
1464 1253 1624 1338 prisones.

425 1362 472 1426 Et
486 1363 547 1426 iste
562 1360 687 1446 Oweyn
702 1369 736 1424 et
756 1359 949 1425 Rothericus
971 1361 1069 1426 frater
1084 1383 1162 1426 suus
1186 1368 1382 1444 conponent,
1398 1359 1425 1422 si
1439 1357 1545 1442 placet
1568 1355 1626 1435 eis,

427 1489 502 1532 cum
525 1465 689 1529 Lewelino
713 1465 753 1528 de
778 1464 956 1530 hereditate
980 1465 1069 1551 ipsos
1100 1465 1319 1550 contingente,
1345 1485 1442 1548 quam
1465 1458 1626 1545 composi·

427 1568 550 1632 tionem
575 1587 631 1630 rex
647 1565 852 1630 confirmabit
873 1589 948 1631 cum
962 1567 1194 1632 rationabiliter
1207 1567 1292 1630 facta
1305 1565 1412 1629 fuerit.
1457 1563 1504 1627 Et
1518 1563 1545 1626 si
1559 1561 1628 1625 fieri

429 1694 495 1736 non
510 1669 626 1754 possit,
650 1668 697 1732 ita
712 1669 799 1754 quod
818 1670 932 1734 fratres
949 1692 986 1734 ea
1007 1671 1111 1735 facere
1136 1669 1300 1734 noluerint
1325 1677 1468 1732 autnon
1491 1665 1629 1752 possint,

429 1795 486 1838 rex
510 1772 607 1836 faciet
629 1771 714 1835 inter
740 1793 796 1836 eos
819 1773 979 1857 judicium
1006 1783 1039 1838 et
1060 1773 1235 1859 justiciam.
1295 1772 1341 1836 Et
1367 1771 1514 1836 similiter
1536 1769 1631 1834 laciet

430 1886 555 1941 rectum
567 1875 653 1938 inter
668 1875 868 1939 Lewelinum
890 1887 923 1940 et
938 1875 1065 1962 Oweyn
1083 1877 1212 1941 fratrem
1225 1898 1320 1940 suum
1337 1896 1434 1960 super
1445 1896 1542 1938 causa
1556 1894 1632 1956 cep-

432 1978 535 2044 cionis
550 1987 584 2043 et
597 1977 866 2062 inprisonacionis
877 1980 1012 2064 predicti
1024 1979 1158 2066 Oweyn.
1192 1980 1238 2043 Et
1251 1979 1437 2064 homagium
1453 1988 1632 2042 ceterorum

433 2079 636 2145 Wslensium
663 2080 825 2144 concessit
852 2101 907 2145 rex
931 2081 1094 2146 Lewelino
1118 2082 1159 2146 ad
1186 2081 1286 2146 vitem
1313 2080 1469 2145 Lewelini
1494 2088 1632 2142 tantum.

434 2183 500 2252 Qui
517 2182 754 2268 quamprimum
779 2183 885 2249 dictus
900 2185 1082 2250 Lewelinus
1105 2184 1201 2250 faciet
1223 2185 1353 2270 aliquod
1378 2193 1491 2247 contra
1515 2202 1634 2266 regem,

432 2288 586 2354 recedent
599 2309 618 2351 a
638 2310 698 2352 suo
713 2288 875 2374 homagio,
888 2299 921 2354 et
936 2288 1139 2355 adherebunt
1149 2289 1226 2374 regi.
1271 2289 1317 2353 Et
1331 2289 1377 2352 ita
1384 2287 1546 2372 jurarunt.
1590 2286 1637 2350 Et

434 2414 532 2478 super
546 2389 618 2455 istis
634 2391 786 2456 omnibus
810 2395 895 2457 lacta
921 2403 999 2457 aunt
1013 2392 1100 2458 bona
1120 2393 1336 2457 instrumenta
1351 2391 1484 2456 domino
1499 2389 1565 2475 regi
1579 2411 1637 2474 per

436 2495 645 2561 Lewelinum.
691 2494 737 2559 Et
751 2496 899 2560 concedit
913 2497 947 2560 in
972 2497 1052 2582 ipsis
1078 2497 1302 2563 instrumentis
1325 2497 1431 2561 dictus
1454 2495 1637 2560 Lewelinus

436 2595 524 2682 quod
539 2595 648 2658 omnia
673 2595 734 2658 alia
748 2596 963 2662 instrumenta
977 2599 1065 2683 prius
1085 2599 1171 2664 inter
1186 2599 1365 2664 Hemicum
1380 2619 1499 2684 regem,
1513 2605 1638 2681 patrem

215 2727 423 2798 fflglmqffi
437 2699 520 2784 regis
540 2697 704 2777 Edwardi,
718 2707 752 2762 et
766 2699 966 2764 Lewelinum
981 2702 1065 2766 lacta
1084 2701 1183 2766 nichil
1198 2702 1336 2767 valeant.
1380 2701 1481 2782 lHiis
1496 2701 1530 2764 in
1550 2699 1640 2785 prin·

438 2801 523 2887 cipio
539 2801 585 2864 sic
596 2799 771 2884 prelocutis
786 2812 821 2866 et
833 2803 926 2868 factis
942 2826 979 2868 ac
993 2804 1128 2869 firmatis
1148 2805 1287 2870 finaliter
1302 2806 1354 2870 die
1374 2803 1477 2868 sancti
1493 2803 1639 2880 Martini,

439 2905 529 2971 venit
540 2904 722 2970 Iewelinus
738 2906 778 2971 ad
792 2907 961 2972 dominum
976 2930 1084 2994 regem
1100 2908 1187 2995 apud
1205 2909 1376 2990 ltothelan,
1391 2919 1424 2974 et
1438 2909 1501 2973 ista
1507 2909 1639 2994 juravit,

439 3017 474 3073 ct
497 3009 607 3092 posuit
632 3031 667 3073 se
692 3009 734 3074 ad
757 3011 959 3075 voluntatem
983 3011 1077 3096 regis,
1098 3021 1131 3076 et
1146 3012 1256 3097 posuit
1280 3012 1448 3076 dominum
1471 3035 1580 3098 regem
1605 3013 1639 3076 in

440 3110 672 3198 quinquaginta
684 3110 826 3177 millibus
841 3112 941 3177 libris.
965 3113 1011 3176 Et
1021 3113 1143 3198 juravit
1157 3113 1187 3178 ei
1201 3112 1402 3178 fidelitatem.
1425 3113 1471 3178 Et
1485 3137 1552 3195 rex,
1567 3115 1640 3178 istis

439 3215 545 3293 lactis,
568 3215 700 3278 admisit
713 3215 823 3299 ipsum
841 3216 882 3280 ad
906 3216 1063 3282 osculum.
1108 3218 1154 3281 Et
1168 3216 1258 3280 venit
1273 3217 1378 3281 dictus
1394 3217 1577 3282 Lewelinus
1600 3217 1641 3281 ad

441 3316 605 3380 civitatem
622 3317 865 3382 Londoniarum
890 3320 924 3382 in
948 3320 1098 3404 sequenti
1123 3321 1207 3384 festo
1232 3320 1359 3383 Natalis
1380 3321 1525 3401 Domini,
1549 3332 1582 3385 et
1597 3321 1642 3386 ibi

442 3417 519 3482 lecit
533 3417 665 3481 domino
680 3418 747 3502 rcgi
761 3419 957 3504 homagium.

251 3527 432 3577 mactabit·
490 3521 564 3583 Hoc
586 3542 673 3584 anno
692 3520 775 3584 circa
797 3523 917 3586 festum
942 3523 1046 3588 sancti
1062 3523 1199 3587 Martini
1224 3546 1282 3609 per
1306 3533 1496 3609 preceptum
1520 3525 1644 3592 domini
1658 3543 1688 3590 B.

446 3623 544 3707 Regis
560 3644 673 3686 omnes
689 3623 787 3688 Judei
802 3625 918 3710 Anglie
940 3627 1027 3710 capti
1050 3637 1127 3691 sunt
1151 3627 1247 3690 simul
1272 3628 1355 3692 infra
1377 3651 1479 3692 unum
1507 3629 1592 3693 diem
1613 3645 1647 3695 et

445 3736 586 3804 noctem,
598 3737 732 3810 propter
747 3737 913 3791 tonsuram
930 3739 1061 3794 monete
1073 3751 1135 3814 que
1147 3741 1225 3795 tunc
1237 3731 1427 3816 pudibunde
1442 3733 1646 3801 tondebatur.

446 3829 521 3893 Cito
537 3839 614 3914 post
632 3830 778 3914 precepit
800 3831 897 3894 etiam
919 3833 990 3896 Rex
1017 3833 1104 3918 quod
1127 3856 1241 3898 omnes
1266 3833 1417 3898 aurifabri
1439 3845 1472 3900 et
1495 3839 1647 3904 custodes

445 3953 623 3998 cuneorum
638 3942 672 3996 et
687 3933 815 3997 illorum
831 3934 1010 3999 officiorum
1032 3937 1172 4001 ministri
1195 3959 1260 4000 una
1283 3959 1356 4002 cum
1375 3961 1487 4005 eorum
1504 3941 1598 4008 bonis
1614 3955 1648 4009 et

445 4036 568 4102 catallis
606 4035 639 4099 in
673 4036 870 4116 civitatibus,
897 4037 1006 4124 burgis
1033 4049 1067 4104 et
1097 4041 1182 4104 villis
1213 4043 1410 4108 mercatoriis
1446 4057 1647 4133 caperentur.

444 4141 491 4206 Et
516 4141 557 4206 ad
582 4140 642 4206 hec
668 4141 857 4228 exequenda
886 4141 1062 4229 assignavit
1086 4166 1143 4210 rex
1167 4145 1200 4210 in
1228 4147 1384 4213 comitatu
1411 4151 1647 4216 Norhamtonie
