<?xml version="1.0" encoding="UTF-8"?>
<!DOCTYPE html PUBLIC "-//W3C//DTD XHTML 1.0 Transitional//EN"
    "http://www.w3.org/TR/xhtml1/DTD/xhtml1-transitional.dtd">
<html xmlns="http://www.w3.org/1999/xhtml" xml:lang="en" lang="en">
 <head>
  <title>
</title>
<meta http-equiv="Content-Type" content="text/html;charset=utf-8" />
  <meta name='ocr-system' content='tesseract 3.04.00' />
  <meta name='ocr-capabilities' content='ocr_page ocr_carea ocr_par ocr_line ocrx_word'/>
</head>
<body>
  <div class='ocr_page' id='page_1' title='image "./chroniconpetrob01brucgoog_0169.png"; bbox 0 0 3894 5024; ppageno 0'>
   <div class='ocr_carea' id='block_1_1' title="bbox 663 623 1545 684">
    <p class='ocr_par' dir='ltr' id='par_1_1' title="bbox 663 623 1545 684">
     <span class='ocr_line' id='line_1_1' title="bbox 663 623 1545 684; baseline 0.008 -7"><span class='ocrx_word' id='word_1_1' title='bbox 663 632 878 680; x_wconf 79' lang='lat' dir='ltr'><strong>onnosrcon</strong></span> <span class='ocrx_word' id='word_1_2' title='bbox 895 635 1225 682; x_wconf 77' lang='lat' dir='ltr'><strong>rsunonuaonnsn.</strong></span> <span class='ocrx_word' id='word_1_3' title='bbox 1481 623 1545 684; x_wconf 79' lang='lat'><strong>149</strong></span> 
     </span>
    </p>
   </div>
   <div class='ocr_carea' id='block_1_2' title="bbox 42 782 1548 3725">
    <p class='ocr_par' dir='ltr' id='par_1_2' title="bbox 346 782 1547 1159">
     <span class='ocr_line' id='line_1_2' title="bbox 346 782 1545 854; baseline 0.003 -5"><span class='ocrx_word' id='word_1_4' title='bbox 346 784 449 849; x_wconf 88' lang='lat' dir='ltr'><strong>sancti</strong></span> <span class='ocrx_word' id='word_1_5' title='bbox 464 782 636 848; x_wconf 87' lang='lat' dir='ltr'><strong>Michaelis</strong></span> <span class='ocrx_word' id='word_1_6' title='bbox 650 783 684 848; x_wconf 91' lang='lat' dir='ltr'><strong>in</strong></span> <span class='ocrx_word' id='word_1_7' title='bbox 706 785 823 849; x_wconf 88' lang='lat' dir='ltr'><strong>Monte</strong></span> <span class='ocrx_word' id='word_1_8' title='bbox 849 785 973 851; x_wconf 87' lang='lat' dir='ltr'><strong>tumba.</strong></span> <span class='ocrx_word' id='word_1_9' title='bbox 1018 787 1095 854; x_wconf 76' lang='lat' dir='ltr'><strong>Quo</strong></span> <span class='ocrx_word' id='word_1_10' title='bbox 1121 786 1173 852; x_wconf 92' lang='lat' dir='ltr'><strong>die</strong></span> <span class='ocrx_word' id='word_1_11' title='bbox 1198 786 1351 853; x_wconf 91' lang='lat' dir='ltr'><strong>dominus</strong></span> <span class='ocrx_word' id='word_1_12' title='bbox 1378 787 1545 853; x_wconf 84' lang='lat' dir='ltr'><strong>Galfridus</strong></span> 
     </span>
     <span class='ocr_line' id='line_1_3' title="bbox 347 885 1546 973; baseline 0.005 -23"><span class='ocrx_word' id='word_1_13' title='bbox 347 885 475 965; x_wconf 82' lang='lat' dir='ltr'><strong>Russel,</strong></span> <span class='ocrx_word' id='word_1_14' title='bbox 490 887 587 951; x_wconf 82' lang='lat' dir='ltr'><strong>frater</strong></span> <span class='ocrx_word' id='word_1_15' title='bbox 600 886 736 971; x_wconf 80' lang='lat' dir='ltr'><strong>predicti</strong></span> <span class='ocrx_word' id='word_1_16' title='bbox 763 887 887 960; x_wconf 84' lang='lat' dir='ltr'><strong>domini</strong></span> <span class='ocrx_word' id='word_1_17' title='bbox 910 888 1052 969; x_wconf 89' lang='lat' dir='ltr'><strong>Andree,</strong></span> <span class='ocrx_word' id='word_1_18' title='bbox 1068 887 1212 973; x_wconf 79' lang='lat' dir='ltr'><strong>suscepit</strong></span> <span class='ocrx_word' id='word_1_19' title='bbox 1237 909 1364 954; x_wconf 91' lang='lat' dir='ltr'><strong>crucem</strong></span> <span class='ocrx_word' id='word_1_20' title='bbox 1390 911 1546 955; x_wconf 89' lang='lat' dir='ltr'><strong>unacum</strong></span> 
     </span>
     <span class='ocr_line' id='line_1_4' title="bbox 346 988 1547 1076; baseline 0.005 -24"><span class='ocrx_word' id='word_1_21' title='bbox 346 1008 448 1053; x_wconf 87' lang='lat' dir='ltr'><strong>uxore</strong></span> <span class='ocrx_word' id='word_1_22' title='bbox 462 1009 521 1054; x_wconf 88' lang='lat' dir='ltr'><strong>sua</strong></span> <span class='ocrx_word' id='word_1_23' title='bbox 535 997 569 1052; x_wconf 92' lang='lat' dir='ltr'><strong>et</strong></span> <span class='ocrx_word' id='word_1_24' title='bbox 581 1010 648 1053; x_wconf 91' lang='lat' dir='ltr'><strong>uno</strong></span> <span class='ocrx_word' id='word_1_25' title='bbox 657 989 807 1074; x_wconf 86' lang='lat' dir='ltr'><strong>garcione</strong></span> <span class='ocrx_word' id='word_1_26' title='bbox 818 988 859 1053; x_wconf 88' lang='lat' dir='ltr'><strong>ad</strong></span> <span class='ocrx_word' id='word_1_27' title='bbox 869 1011 1024 1076; x_wconf 86' lang='lat' dir='ltr'><strong>magnum</strong></span> <span class='ocrx_word' id='word_1_28' title='bbox 1038 989 1138 1054; x_wconf 84' lang='lat' dir='ltr'><strong>altare</strong></span> <span class='ocrx_word' id='word_1_29' title='bbox 1146 998 1224 1073; x_wconf 92' lang='lat' dir='ltr'><strong>post</strong></span> <span class='ocrx_word' id='word_1_30' title='bbox 1234 990 1437 1076; x_wconf 85' lang='lat' dir='ltr'><strong>evangelium</strong></span> <span class='ocrx_word' id='word_1_31' title='bbox 1447 993 1547 1058; x_wconf 89' lang='lat' dir='ltr'><strong>misse</strong></span> 
     </span>
     <span class='ocr_line' id='line_1_5' title="bbox 348 1091 1347 1159; baseline 0.002 -3"><span class='ocrx_word' id='word_1_32' title='bbox 348 1113 368 1156; x_wconf 96' lang='lat' dir='ltr'><strong>a</strong></span> <span class='ocrx_word' id='word_1_33' title='bbox 382 1091 514 1157; x_wconf 93' lang='lat' dir='ltr'><strong>domino</strong></span> <span class='ocrx_word' id='word_1_34' title='bbox 530 1091 667 1157; x_wconf 89' lang='lat' dir='ltr'><strong>Ricardo</strong></span> <span class='ocrx_word' id='word_1_35' title='bbox 683 1092 724 1158; x_wconf 89' lang='lat' dir='ltr'><strong>de</strong></span> <span class='ocrx_word' id='word_1_36' title='bbox 739 1091 920 1158; x_wconf 90' lang='lat' dir='ltr'><strong>Londoniis</strong></span> <span class='ocrx_word' id='word_1_37' title='bbox 935 1091 1053 1158; x_wconf 85' lang='lat' dir='ltr'><strong>abbate</strong></span> <span class='ocrx_word' id='word_1_38' title='bbox 1067 1114 1139 1157; x_wconf 92' lang='lat' dir='ltr'><strong>eam</strong></span> <span class='ocrx_word' id='word_1_39' title='bbox 1154 1091 1347 1159; x_wconf 79' lang='lat' dir='ltr'><strong>celebrante.</strong></span> 
     </span>
    </p>

    <p class='ocr_par' dir='ltr' id='par_1_3' title="bbox 120 1192 1548 1894">
     <span class='ocr_line' id='line_1_6' title="bbox 120 1192 1547 1280; baseline 0.004 -23"><span class='ocrx_word' id='word_1_40' title='bbox 120 1208 259 1274; x_wconf 65' lang='lat' dir='ltr'><strong>(soem</strong></span> <span class='ocrx_word' id='word_1_41' title='bbox 270 1207 313 1274; x_wconf 65' lang='lat' dir='ltr'><strong>rr.)</strong></span> <span class='ocrx_word' id='word_1_42' title='bbox 392 1193 643 1258; x_wconf 90' lang='lat' dir='ltr'><strong>Memorandum</strong></span> <span class='ocrx_word' id='word_1_43' title='bbox 673 1195 761 1280; x_wconf 92' lang='lat' dir='ltr'><strong>quod</strong></span> <span class='ocrx_word' id='word_1_44' title='bbox 789 1194 824 1258; x_wconf 92' lang='lat' dir='ltr'><strong>in</strong></span> <span class='ocrx_word' id='word_1_45' title='bbox 853 1193 976 1259; x_wconf 92' lang='lat' dir='ltr'><strong>octabis</strong></span> <span class='ocrx_word' id='word_1_46' title='bbox 1004 1192 1092 1258; x_wconf 86' lang='lat' dir='ltr'><strong>beati</strong></span> <span class='ocrx_word' id='word_1_47' title='bbox 1122 1194 1269 1275; x_wconf 86' lang='lat' dir='ltr'><strong>Martini,</strong></span> <span class='ocrx_word' id='word_1_48' title='bbox 1295 1218 1381 1261; x_wconf 89' lang='lat' dir='ltr'><strong>anno</strong></span> <span class='ocrx_word' id='word_1_49' title='bbox 1410 1197 1547 1262; x_wconf 89' lang='lat' dir='ltr'><strong>Domini</strong></span> 
     </span>
     <span class='ocr_line' id='line_1_7' title="bbox 349 1294 1547 1381; baseline 0.003 -21"><span class='ocrx_word' id='word_1_50' title='bbox 349 1296 488 1360; x_wconf 85' lang='lat' dir='ltr'><strong>M⁰.o⁰c⁰.</strong></span> <span class='ocrx_word' id='word_1_51' title='bbox 498 1295 719 1380; x_wconf 85' lang='lat' dir='ltr'><strong>Nonagesimo</strong></span> <span class='ocrx_word' id='word_1_52' title='bbox 731 1295 848 1381; x_wconf 86' lang='lat' dir='ltr'><strong>primo,</strong></span> <span class='ocrx_word' id='word_1_53' title='bbox 855 1295 962 1360; x_wconf 87' lang='lat' dir='ltr'><strong>Adam</strong></span> <span class='ocrx_word' id='word_1_54' title='bbox 971 1294 1058 1358; x_wconf 87' lang='lat' dir='ltr'><strong>filius</strong></span> <span class='ocrx_word' id='word_1_55' title='bbox 1067 1295 1240 1374; x_wconf 76' lang='lat' dir='ltr'><strong>Johanni3</strong></span> <span class='ocrx_word' id='word_1_56' title='bbox 1252 1296 1496 1364; x_wconf 89' lang='lat' dir='ltr'><strong>elemosinarius</strong></span> <span class='ocrx_word' id='word_1_57' title='bbox 1506 1299 1547 1364; x_wconf 88' lang='lat' dir='ltr'><strong>de</strong></span> 
     </span>
     <span class='ocr_line' id='line_1_8' title="bbox 348 1397 1546 1485; baseline 0.003 -21"><span class='ocrx_word' id='word_1_58' title='bbox 348 1399 458 1485; x_wconf 90' lang='lat' dir='ltr'><strong>Burgo</strong></span> <span class='ocrx_word' id='word_1_59' title='bbox 474 1399 586 1464; x_wconf 79' lang='lat' dir='ltr'><strong>Sancti</strong></span> <span class='ocrx_word' id='word_1_60' title='bbox 602 1399 701 1476; x_wconf 86' lang='lat' dir='ltr'><strong>Petri,</strong></span> <span class='ocrx_word' id='word_1_61' title='bbox 712 1399 790 1463; x_wconf 83' lang='lat' dir='ltr'><strong>fecit</strong></span> <span class='ocrx_word' id='word_1_62' title='bbox 804 1398 991 1483; x_wconf 77' lang='lat' dir='ltr'><strong>homagium</strong></span> <span class='ocrx_word' id='word_1_63' title='bbox 1007 1407 1040 1462; x_wconf 90' lang='lat' dir='ltr'><strong>et</strong></span> <span class='ocrx_word' id='word_1_64' title='bbox 1054 1397 1243 1462; x_wconf 84' lang='lat' dir='ltr'><strong>fidelitatem</strong></span> <span class='ocrx_word' id='word_1_65' title='bbox 1258 1399 1391 1464; x_wconf 91' lang='lat' dir='ltr'><strong>domino</strong></span> <span class='ocrx_word' id='word_1_66' title='bbox 1407 1401 1546 1467; x_wconf 89' lang='lat' dir='ltr'><strong>Ricardo</strong></span> 
     </span>
     <span class='ocr_line' id='line_1_9' title="bbox 347 1499 1546 1586; baseline 0 -19"><span class='ocrx_word' id='word_1_67' title='bbox 347 1502 388 1568; x_wconf 89' lang='lat' dir='ltr'><strong>de</strong></span> <span class='ocrx_word' id='word_1_68' title='bbox 403 1501 584 1567; x_wconf 87' lang='lat' dir='ltr'><strong>Londoniis</strong></span> <span class='ocrx_word' id='word_1_69' title='bbox 598 1499 721 1563; x_wconf 86' lang='lat' dir='ltr'><strong>Abbati</strong></span> <span class='ocrx_word' id='word_1_70' title='bbox 740 1500 841 1584; x_wconf 84' lang='lat' dir='ltr'><strong>Burgi</strong></span> <span class='ocrx_word' id='word_1_71' title='bbox 856 1521 916 1584; x_wconf 94' lang='lat' dir='ltr'><strong>pro</strong></span> <span class='ocrx_word' id='word_1_72' title='bbox 931 1508 1119 1565; x_wconf 75' lang='lat' dir='ltr'><strong>tenemento</strong></span> <span class='ocrx_word' id='word_1_73' title='bbox 1145 1499 1234 1583; x_wconf 90' lang='lat' dir='ltr'><strong>quod</strong></span> <span class='ocrx_word' id='word_1_74' title='bbox 1257 1499 1298 1564; x_wconf 91' lang='lat' dir='ltr'><strong>de</strong></span> <span class='ocrx_word' id='word_1_75' title='bbox 1313 1501 1385 1586; x_wconf 91' lang='lat' dir='ltr'><strong>ipso</strong></span> <span class='ocrx_word' id='word_1_76' title='bbox 1405 1511 1497 1566; x_wconf 83' lang='lat' dir='ltr'><strong>tenet</strong></span> <span class='ocrx_word' id='word_1_77' title='bbox 1510 1503 1546 1566; x_wconf 91' lang='lat' dir='ltr'><strong>in</strong></span> 
     </span>
     <span class='ocr_line' id='line_1_10' title="bbox 347 1600 1548 1688; baseline -0.001 -19"><span class='ocrx_word' id='word_1_78' title='bbox 347 1605 469 1688; x_wconf 90' lang='lat' dir='ltr'><strong>Burgo,</strong></span> <span class='ocrx_word' id='word_1_79' title='bbox 494 1602 529 1666; x_wconf 90' lang='lat' dir='ltr'><strong>in</strong></span> <span class='ocrx_word' id='word_1_80' title='bbox 552 1601 719 1686; x_wconf 89' lang='lat' dir='ltr'><strong>presencia</strong></span> <span class='ocrx_word' id='word_1_81' title='bbox 734 1601 879 1684; x_wconf 84' lang='lat' dir='ltr'><strong>magistri</strong></span> <span class='ocrx_word' id='word_1_82' title='bbox 905 1600 1041 1665; x_wconf 87' lang='lat' dir='ltr'><strong>Roberti</strong></span> <span class='ocrx_word' id='word_1_83' title='bbox 1065 1600 1106 1665; x_wconf 89' lang='lat' dir='ltr'><strong>de</strong></span> <span class='ocrx_word' id='word_1_84' title='bbox 1122 1600 1253 1666; x_wconf 84' lang='lat' dir='ltr'><strong>Saufeld</strong></span> <span class='ocrx_word' id='word_1_85' title='bbox 1276 1610 1355 1666; x_wconf 91' lang='lat' dir='ltr'><strong>tunc</strong></span> <span class='ocrx_word' id='word_1_86' title='bbox 1379 1604 1548 1668; x_wconf 81' lang='lat' dir='ltr'><strong>senescalli</strong></span> 
     </span>
     <span class='ocr_line' id='line_1_11' title="bbox 346 1702 1546 1791; baseline 0 -20"><span class='ocrx_word' id='word_1_87' title='bbox 346 1706 458 1791; x_wconf 82' lang='lat' dir='ltr'><strong>Burgi,</strong></span> <span class='ocrx_word' id='word_1_88' title='bbox 473 1704 598 1771; x_wconf 91' lang='lat' dir='ltr'><strong>domini</strong></span> <span class='ocrx_word' id='word_1_89' title='bbox 624 1704 757 1770; x_wconf 89' lang='lat' dir='ltr'><strong>Henrici</strong></span> <span class='ocrx_word' id='word_1_90' title='bbox 782 1703 916 1768; x_wconf 88' lang='lat' dir='ltr'><strong>rectoris</strong></span> <span class='ocrx_word' id='word_1_91' title='bbox 931 1702 1065 1768; x_wconf 88' lang='lat' dir='ltr'><strong>ecclesie</strong></span> <span class='ocrx_word' id='word_1_92' title='bbox 1087 1703 1127 1769; x_wconf 87' lang='lat' dir='ltr'><strong>de</strong></span> <span class='ocrx_word' id='word_1_93' title='bbox 1155 1703 1329 1789; x_wconf 84' lang='lat' dir='ltr'><strong>Cloptona,</strong></span> <span class='ocrx_word' id='word_1_94' title='bbox 1351 1704 1458 1770; x_wconf 87' lang='lat' dir='ltr'><strong>fratris</strong></span> <span class='ocrx_word' id='word_1_95' title='bbox 1473 1706 1546 1772; x_wconf 85' lang='lat' dir='ltr'><strong>Ade</strong></span> 
     </span>
     <span class='ocr_line' id='line_1_12' title="bbox 347 1805 1449 1894; baseline -0.002 -20"><span class='ocrx_word' id='word_1_96' title='bbox 347 1807 387 1874; x_wconf 90' lang='lat' dir='ltr'><strong>de</strong></span> <span class='ocrx_word' id='word_1_97' title='bbox 403 1809 567 1894; x_wconf 84' lang='lat' dir='ltr'><strong>Cloptona</strong></span> <span class='ocrx_word' id='word_1_98' title='bbox 580 1807 741 1885; x_wconf 86' lang='lat' dir='ltr'><strong>monachi,</strong></span> <span class='ocrx_word' id='word_1_99' title='bbox 755 1807 778 1872; x_wconf 90' lang='lat' dir='ltr'>J</span> <span class='ocrx_word' id='word_1_100' title='bbox 780 1807 917 1871; x_wconf 85' lang='lat' dir='ltr'><strong>ohannis</strong></span> <span class='ocrx_word' id='word_1_101' title='bbox 933 1807 1048 1871; x_wconf 89' lang='lat' dir='ltr'><strong>Blome</strong></span> <span class='ocrx_word' id='word_1_102' title='bbox 1063 1815 1097 1871; x_wconf 91' lang='lat' dir='ltr'><strong>et</strong></span> <span class='ocrx_word' id='word_1_103' title='bbox 1110 1805 1246 1871; x_wconf 81' lang='lat' dir='ltr'><strong>aliorum</strong></span> <span class='ocrx_word' id='word_1_104' title='bbox 1262 1808 1449 1872; x_wconf 87' lang='lat' dir='ltr'><strong>multorum.</strong></span> 
     </span>
    </p>

    <p class='ocr_par' dir='ltr' id='par_1_4' title="bbox 348 1908 1546 2301">
     <span class='ocr_line' id='line_1_13' title="bbox 390 1908 1546 1996; baseline 0.002 -22"><span class='ocrx_word' id='word_1_105' title='bbox 390 1910 649 1976; x_wconf 90' lang='lat' dir='ltr'><strong>Memorandum·</strong></span> <span class='ocrx_word' id='word_1_106' title='bbox 671 1910 759 1994; x_wconf 91' lang='lat' dir='ltr'><strong>quod</strong></span> <span class='ocrx_word' id='word_1_107' title='bbox 782 1909 934 1974; x_wconf 91' lang='lat' dir='ltr'><strong>dominus</strong></span> <span class='ocrx_word' id='word_1_108' title='bbox 964 1908 1088 1994; x_wconf 89' lang='lat' dir='ltr'><strong>Symon</strong></span> <span class='ocrx_word' id='word_1_109' title='bbox 1120 1909 1161 1974; x_wconf 89' lang='lat' dir='ltr'><strong>de</strong></span> <span class='ocrx_word' id='word_1_110' title='bbox 1185 1909 1418 1996; x_wconf 78' lang='lat' dir='ltr'><strong>Eylesworthe,</strong></span> <span class='ocrx_word' id='word_1_111' title='bbox 1447 1911 1546 1976; x_wconf 91' lang='lat' dir='ltr'><strong>Anno</strong></span> 
     </span>
     <span class='ocr_line' id='line_1_14' title="bbox 348 2011 1546 2099; baseline -0.003 -20"><span class='ocrx_word' id='word_1_112' title='bbox 348 2015 483 2080; x_wconf 90' lang='lat' dir='ltr'><strong>Domini</strong></span> <span class='ocrx_word' id='word_1_113' title='bbox 493 2014 632 2079; x_wconf 81' lang='lat' dir='ltr'><strong>M⁰.c⁰c⁰.</strong></span> <span class='ocrx_word' id='word_1_114' title='bbox 645 2013 865 2098; x_wconf 85' lang='lat' dir='ltr'><strong>Nonagesimo</strong></span> <span class='ocrx_word' id='word_1_115' title='bbox 874 2013 991 2099; x_wconf 89' lang='lat' dir='ltr'><strong>primo,</strong></span> <span class='ocrx_word' id='word_1_116' title='bbox 1000 2011 1052 2076; x_wconf 91' lang='lat' dir='ltr'><strong>die</strong></span> <span class='ocrx_word' id='word_1_117' title='bbox 1064 2022 1249 2078; x_wconf 88' lang='lat' dir='ltr'><strong>sanctorum</strong></span> <span class='ocrx_word' id='word_1_118' title='bbox 1260 2012 1500 2092; x_wconf 82' lang='lat' dir='ltr'><strong>innocentium,</strong></span> <span class='ocrx_word' id='word_1_119' title='bbox 1511 2013 1546 2078; x_wconf 92' lang='lat' dir='ltr'><strong>in</strong></span> 
     </span>
     <span class='ocr_line' id='line_1_15' title="bbox 348 2113 1545 2200; baseline -0.003 -18"><span class='ocrx_word' id='word_1_120' title='bbox 348 2137 474 2182; x_wconf 84' lang='lat' dir='ltr'><strong>camera</strong></span> <span class='ocrx_word' id='word_1_121' title='bbox 488 2115 612 2182; x_wconf 89' lang='lat' dir='ltr'><strong>domini</strong></span> <span class='ocrx_word' id='word_1_122' title='bbox 626 2115 752 2180; x_wconf 88' lang='lat' dir='ltr'><strong>abbatis</strong></span> <span class='ocrx_word' id='word_1_123' title='bbox 772 2115 858 2199; x_wconf 85' lang='lat' dir='ltr'><strong>apud</strong></span> <span class='ocrx_word' id='word_1_124' title='bbox 874 2114 1021 2200; x_wconf 90' lang='lat' dir='ltr'><strong>Burgum</strong></span> <span class='ocrx_word' id='word_1_125' title='bbox 1036 2113 1139 2178; x_wconf 88' lang='lat' dir='ltr'><strong>sancti</strong></span> <span class='ocrx_word' id='word_1_126' title='bbox 1156 2113 1253 2194; x_wconf 87' lang='lat' dir='ltr'><strong>Petri,</strong></span> <span class='ocrx_word' id='word_1_127' title='bbox 1267 2115 1345 2179; x_wconf 87' lang='lat' dir='ltr'><strong>fecit</strong></span> <span class='ocrx_word' id='word_1_128' title='bbox 1358 2115 1545 2200; x_wconf 85' lang='lat' dir='ltr'><strong>homagium</strong></span> 
     </span>
     <span class='ocr_line' id='line_1_16' title="bbox 348 2214 1546 2301; baseline -0.003 -17"><span class='ocrx_word' id='word_1_129' title='bbox 348 2228 383 2284; x_wconf 92' lang='lat' dir='ltr'><strong>et</strong></span> <span class='ocrx_word' id='word_1_130' title='bbox 411 2219 600 2283; x_wconf 85' lang='lat' dir='ltr'><strong>fidelitatem</strong></span> <span class='ocrx_word' id='word_1_131' title='bbox 630 2217 763 2283; x_wconf 92' lang='lat' dir='ltr'><strong>domino</strong></span> <span class='ocrx_word' id='word_1_132' title='bbox 790 2217 928 2282; x_wconf 88' lang='lat' dir='ltr'><strong>Ricardo</strong></span> <span class='ocrx_word' id='word_1_133' title='bbox 954 2217 995 2281; x_wconf 92' lang='lat' dir='ltr'><strong>de</strong></span> <span class='ocrx_word' id='word_1_134' title='bbox 1025 2215 1205 2280; x_wconf 89' lang='lat' dir='ltr'><strong>Londoniis</strong></span> <span class='ocrx_word' id='word_1_135' title='bbox 1229 2214 1339 2279; x_wconf 85' lang='lat' dir='ltr'><strong>abbati</strong></span> <span class='ocrx_word' id='word_1_136' title='bbox 1363 2217 1463 2301; x_wconf 87' lang='lat' dir='ltr'><strong>Burgi</strong></span> <span class='ocrx_word' id='word_1_137' title='bbox 1486 2237 1546 2301; x_wconf 90' lang='lat' dir='ltr'><strong>pro</strong></span> 
     </span>
    </p>

    <p class='ocr_par' dir='ltr' id='par_1_5' title="bbox 129 2316 1546 2408">
     <span class='ocr_line' id='line_1_17' title="bbox 129 2316 1546 2408; baseline -0.004 -21"><span class='ocrx_word' id='word_1_138' title='bbox 129 2348 208 2408; x_wconf 68' lang='lat' dir='ltr'><strong>mp</strong></span> <span class='ocrx_word' id='word_1_139' title='bbox 219 2345 329 2396; x_wconf 55' lang='lat' dir='ltr'><strong>natira</strong></span> <span class='ocrx_word' id='word_1_140' title='bbox 348 2320 491 2386; x_wconf 79' lang='lat' dir='ltr'><strong>manerio</strong></span> <span class='ocrx_word' id='word_1_141' title='bbox 506 2330 540 2385; x_wconf 90' lang='lat' dir='ltr'><strong>et</strong></span> <span class='ocrx_word' id='word_1_142' title='bbox 553 2329 740 2386; x_wconf 86' lang='lat' dir='ltr'><strong>tenemento</strong></span> <span class='ocrx_word' id='word_1_143' title='bbox 764 2341 827 2404; x_wconf 93' lang='lat' dir='ltr'><strong>que</strong></span> <span class='ocrx_word' id='word_1_144' title='bbox 842 2320 883 2383; x_wconf 94' lang='lat' dir='ltr'><strong>de</strong></span> <span class='ocrx_word' id='word_1_145' title='bbox 903 2319 976 2404; x_wconf 92' lang='lat' dir='ltr'><strong>ipso</strong></span> <span class='ocrx_word' id='word_1_146' title='bbox 991 2326 1082 2382; x_wconf 90' lang='lat' dir='ltr'><strong>tenet</strong></span> <span class='ocrx_word' id='word_1_147' title='bbox 1095 2317 1129 2380; x_wconf 91' lang='lat' dir='ltr'><strong>in</strong></span> <span class='ocrx_word' id='word_1_148' title='bbox 1144 2316 1221 2381; x_wconf 80' lang='lat' dir='ltr'><strong>villa</strong></span> <span class='ocrx_word' id='word_1_149' title='bbox 1235 2316 1275 2381; x_wconf 87' lang='lat' dir='ltr'><strong>de</strong></span> <span class='ocrx_word' id='word_1_150' title='bbox 1289 2317 1401 2402; x_wconf 84' lang='lat' dir='ltr'><strong>Thorp</strong></span> <span class='ocrx_word' id='word_1_151' title='bbox 1416 2318 1546 2383; x_wconf 87' lang='lat' dir='ltr'><strong>Water·</strong></span> 
     </span>
    </p>

    <p class='ocr_par' dir='ltr' id='par_1_6' title="bbox 42 2406 1547 3098">
     <span class='ocr_line' id='line_1_18' title="bbox 42 2406 1544 2509; baseline -0.003 -21"><span class='ocrx_word' id='word_1_152' title='bbox 42 2406 48 2420; x_wconf 65' lang='grc'>’</span> <span class='ocrx_word' id='word_1_153' title='bbox 348 2423 449 2509; x_wconf 84' lang='lat' dir='ltr'><strong>weyle</strong></span> <span class='ocrx_word' id='word_1_154' title='bbox 464 2433 497 2487; x_wconf 92' lang='lat' dir='ltr'><strong>et</strong></span> <span class='ocrx_word' id='word_1_155' title='bbox 518 2421 740 2509; x_wconf 83' lang='lat' dir='ltr'><strong>pertinenciis,</strong></span> <span class='ocrx_word' id='word_1_156' title='bbox 765 2421 800 2484; x_wconf 93' lang='lat' dir='ltr'><strong>in</strong></span> <span class='ocrx_word' id='word_1_157' title='bbox 826 2419 994 2505; x_wconf 85' lang='lat' dir='ltr'><strong>presencia</strong></span> <span class='ocrx_word' id='word_1_158' title='bbox 1017 2417 1142 2483; x_wconf 91' lang='lat' dir='ltr'><strong>domini</strong></span> <span class='ocrx_word' id='word_1_159' title='bbox 1167 2418 1250 2503; x_wconf 87' lang='lat' dir='ltr'><strong>Elye</strong></span> <span class='ocrx_word' id='word_1_160' title='bbox 1275 2419 1315 2482; x_wconf 90' lang='lat' dir='ltr'><strong>de</strong></span> <span class='ocrx_word' id='word_1_161' title='bbox 1341 2418 1544 2504; x_wconf 87' lang='lat' dir='ltr'><strong>Bekingham</strong></span> 
     </span>
     <span class='ocr_line' id='line_1_19' title="bbox 348 2518 1545 2610; baseline -0.003 -19"><span class='ocrx_word' id='word_1_162' title='bbox 348 2524 473 2592; x_wconf 88' lang='lat' dir='ltr'><strong>domini</strong></span> <span class='ocrx_word' id='word_1_163' title='bbox 489 2523 588 2610; x_wconf 91' lang='lat' dir='ltr'><strong>Regis</strong></span> <span class='ocrx_word' id='word_1_164' title='bbox 599 2522 780 2609; x_wconf 87' lang='lat' dir='ltr'><strong>justiciarii,</strong></span> <span class='ocrx_word' id='word_1_165' title='bbox 808 2521 942 2588; x_wconf 89' lang='lat' dir='ltr'><strong>Henrici</strong></span> <span class='ocrx_word' id='word_1_166' title='bbox 964 2520 1155 2606; x_wconf 89' lang='lat' dir='ltr'><strong>Spegumel,</strong></span> <span class='ocrx_word' id='word_1_167' title='bbox 1176 2518 1321 2604; x_wconf 89' lang='lat' dir='ltr'><strong>magistri</strong></span> <span class='ocrx_word' id='word_1_168' title='bbox 1346 2519 1482 2586; x_wconf 84' lang='lat' dir='ltr'><strong>Boberti</strong></span> <span class='ocrx_word' id='word_1_169' title='bbox 1504 2522 1545 2587; x_wconf 93' lang='lat' dir='ltr'><strong>de</strong></span> 
     </span>
     <span class='ocr_line' id='line_1_20' title="bbox 349 2622 1547 2709; baseline 0 -17"><span class='ocrx_word' id='word_1_170' title='bbox 349 2626 480 2692; x_wconf 78' lang='lat' dir='ltr'><strong>Seufeld</strong></span> <span class='ocrx_word' id='word_1_171' title='bbox 490 2637 570 2692; x_wconf 92' lang='lat' dir='ltr'><strong>tunc</strong></span> <span class='ocrx_word' id='word_1_172' title='bbox 584 2624 752 2691; x_wconf 86' lang='lat' dir='ltr'><strong>senescalli</strong></span> <span class='ocrx_word' id='word_1_173' title='bbox 765 2623 879 2709; x_wconf 92' lang='lat' dir='ltr'><strong>Burgi,</strong></span> <span class='ocrx_word' id='word_1_174' title='bbox 893 2623 1018 2689; x_wconf 90' lang='lat' dir='ltr'><strong>domini</strong></span> <span class='ocrx_word' id='word_1_175' title='bbox 1032 2622 1190 2688; x_wconf 89' lang='lat' dir='ltr'><strong>Willelmi</strong></span> <span class='ocrx_word' id='word_1_176' title='bbox 1213 2623 1254 2688; x_wconf 92' lang='lat' dir='ltr'><strong>de</strong></span> <span class='ocrx_word' id='word_1_177' title='bbox 1277 2623 1444 2690; x_wconf 81' lang='lat' dir='ltr'><strong>Vodesord</strong></span> <span class='ocrx_word' id='word_1_178' title='bbox 1467 2635 1547 2692; x_wconf 90' lang='lat' dir='ltr'><strong>tunc</strong></span> 
     </span>
     <span class='ocr_line' id='line_1_21' title="bbox 348 2723 1546 2814; baseline 0 -20"><span class='ocrx_word' id='word_1_179' title='bbox 348 2730 480 2795; x_wconf 83' lang='lat' dir='ltr'><strong>sacriste</strong></span> <span class='ocrx_word' id='word_1_180' title='bbox 496 2729 606 2814; x_wconf 91' lang='lat' dir='ltr'><strong>Burgi,</strong></span> <span class='ocrx_word' id='word_1_181' title='bbox 622 2727 760 2793; x_wconf 81' lang='lat' dir='ltr'><strong>Galfridi</strong></span> <span class='ocrx_word' id='word_1_182' title='bbox 775 2727 815 2791; x_wconf 92' lang='lat' dir='ltr'><strong>de</strong></span> <span class='ocrx_word' id='word_1_183' title='bbox 827 2725 980 2792; x_wconf 80' lang='lat' dir='ltr'><strong>carleton</strong></span> <span class='ocrx_word' id='word_1_184' title='bbox 995 2723 1155 2805; x_wconf 88' lang='lat' dir='ltr'><strong>monachi,</strong></span> <span class='ocrx_word' id='word_1_185' title='bbox 1166 2725 1328 2790; x_wconf 87' lang='lat' dir='ltr'><strong>Johannis</strong></span> <span class='ocrx_word' id='word_1_186' title='bbox 1338 2725 1395 2791; x_wconf 89' lang='lat' dir='ltr'><strong>filii</strong></span> <span class='ocrx_word' id='word_1_187' title='bbox 1407 2726 1546 2794; x_wconf 77' lang='lat' dir='ltr'><strong>Galfn’di</strong></span> 
     </span>
     <span class='ocr_line' id='line_1_22' title="bbox 348 2827 1545 2915; baseline 0 -19"><span class='ocrx_word' id='word_1_188' title='bbox 348 2831 388 2896; x_wconf 89' lang='lat' dir='ltr'><strong>de</strong></span> <span class='ocrx_word' id='word_1_189' title='bbox 404 2831 566 2896; x_wconf 88' lang='lat' dir='ltr'><strong>Haddona</strong></span> <span class='ocrx_word' id='word_1_190' title='bbox 580 2839 614 2894; x_wconf 92' lang='lat' dir='ltr'><strong>et</strong></span> <span class='ocrx_word' id='word_1_191' title='bbox 628 2829 762 2894; x_wconf 86' lang='lat' dir='ltr'><strong>aliorum</strong></span> <span class='ocrx_word' id='word_1_192' title='bbox 785 2828 972 2893; x_wconf 90' lang='lat' dir='ltr'><strong>multorum.</strong></span> <span class='ocrx_word' id='word_1_193' title='bbox 1016 2827 1062 2892; x_wconf 80' lang='lat' dir='ltr'><strong>Et</strong></span> <span class='ocrx_word' id='word_1_194' title='bbox 1084 2827 1272 2912; x_wconf 88' lang='lat' dir='ltr'><strong>recognovit</strong></span> <span class='ocrx_word' id='word_1_195' title='bbox 1287 2849 1321 2892; x_wconf 89' lang='lat' dir='ltr'><strong>se</strong></span> <span class='ocrx_word' id='word_1_196' title='bbox 1347 2836 1457 2894; x_wconf 88' lang='lat' dir='ltr'><strong>tenere</strong></span> <span class='ocrx_word' id='word_1_197' title='bbox 1472 2851 1545 2915; x_wconf 90' lang='lat' dir='ltr'><strong>pre-</strong></span> 
     </span>
     <span class='ocr_line' id='line_1_23' title="bbox 347 2927 1545 3014; baseline -0.002 -16"><span class='ocrx_word' id='word_1_198' title='bbox 347 2931 471 2998; x_wconf 88' lang='lat' dir='ltr'><strong>dictum</strong></span> <span class='ocrx_word' id='word_1_199' title='bbox 484 2930 664 2996; x_wconf 89' lang='lat' dir='ltr'><strong>manerium</strong></span> <span class='ocrx_word' id='word_1_200' title='bbox 679 2953 755 2995; x_wconf 90' lang='lat' dir='ltr'><strong>cum</strong></span> <span class='ocrx_word' id='word_1_201' title='bbox 770 2929 977 3014; x_wconf 88' lang='lat' dir='ltr'><strong>pertinenciis</strong></span> <span class='ocrx_word' id='word_1_202' title='bbox 992 2929 1033 2994; x_wconf 90' lang='lat' dir='ltr'><strong>de</strong></span> <span class='ocrx_word' id='word_1_203' title='bbox 1042 2928 1159 2994; x_wconf 81' lang='lat' dir='ltr'><strong>abbate</strong></span> <span class='ocrx_word' id='word_1_204' title='bbox 1168 2929 1209 2992; x_wconf 87' lang='lat' dir='ltr'><strong>de</strong></span> <span class='ocrx_word' id='word_1_205' title='bbox 1225 2927 1334 3013; x_wconf 88' lang='lat' dir='ltr'><strong>Burgo</strong></span> <span class='ocrx_word' id='word_1_206' title='bbox 1345 2951 1405 3013; x_wconf 95' lang='lat' dir='ltr'><strong>pro</strong></span> <span class='ocrx_word' id='word_1_207' title='bbox 1417 2930 1545 2996; x_wconf 92' lang='lat' dir='ltr'><strong>duobus</strong></span> 
     </span>
     <span class='ocr_line' id='line_1_24' title="bbox 347 3031 616 3098; baseline -0.015 -1"><span class='ocrx_word' id='word_1_208' title='bbox 347 3033 451 3098; x_wconf 86' lang='lat' dir='ltr'><strong>feodis</strong></span> <span class='ocrx_word' id='word_1_209' title='bbox 466 3031 616 3095; x_wconf 92' lang='lat' dir='ltr'><strong>militum.</strong></span> 
     </span>
    </p>

    <p class='ocr_par' dir='ltr' id='par_1_7' title="bbox 349 3128 1547 3525">
     <span class='ocr_line' id='line_1_25' title="bbox 392 3128 1547 3219; baseline 0.003 -22"><span class='ocrx_word' id='word_1_210' title='bbox 392 3131 643 3198; x_wconf 91' lang='lat' dir='ltr'><strong>Memorandum</strong></span> <span class='ocrx_word' id='word_1_211' title='bbox 658 3132 745 3216; x_wconf 90' lang='lat' dir='ltr'><strong>quod</strong></span> <span class='ocrx_word' id='word_1_212' title='bbox 760 3130 912 3195; x_wconf 92' lang='lat' dir='ltr'><strong>dominus</strong></span> <span class='ocrx_word' id='word_1_213' title='bbox 934 3129 1130 3194; x_wconf 84' lang='lat' dir='ltr'><strong>Edmundus</strong></span> <span class='ocrx_word' id='word_1_214' title='bbox 1147 3128 1346 3216; x_wconf 86' lang='lat' dir='ltr'><strong>Gastheleyn</strong></span> <span class='ocrx_word' id='word_1_215' title='bbox 1371 3130 1475 3212; x_wconf 89' lang='lat' dir='ltr'><strong>miles,</strong></span> <span class='ocrx_word' id='word_1_216' title='bbox 1490 3136 1547 3219; x_wconf 90' lang='lat' dir='ltr'><strong>qui</strong></span> 
     </span>
     <span class='ocr_line' id='line_1_26' title="bbox 349 3230 1547 3320; baseline -0.007 -18"><span class='ocrx_word' id='word_1_217' title='bbox 349 3235 443 3302; x_wconf 85' lang='lat' dir='ltr'><strong>duxit</strong></span> <span class='ocrx_word' id='word_1_218' title='bbox 457 3232 622 3298; x_wconf 82' lang='lat' dir='ltr'><strong>dominam</strong></span> <span class='ocrx_word' id='word_1_219' title='bbox 638 3232 679 3298; x_wconf 91' lang='lat' dir='ltr'><strong>de</strong></span> <span class='ocrx_word' id='word_1_220' title='bbox 695 3231 839 3296; x_wconf 81' lang='lat' dir='ltr'><strong>Matrem</strong></span> <span class='ocrx_word' id='word_1_221' title='bbox 854 3232 888 3295; x_wconf 94' lang='lat' dir='ltr'><strong>in</strong></span> <span class='ocrx_word' id='word_1_222' title='bbox 906 3251 1038 3294; x_wconf 83' lang='lat' dir='ltr'><strong>uxorem</strong></span> <span class='ocrx_word' id='word_1_223' title='bbox 1054 3239 1131 3315; x_wconf 89' lang='lat' dir='ltr'><strong>post</strong></span> <span class='ocrx_word' id='word_1_224' title='bbox 1154 3237 1292 3294; x_wconf 88' lang='lat' dir='ltr'><strong>mortem</strong></span> <span class='ocrx_word' id='word_1_225' title='bbox 1309 3230 1435 3296; x_wconf 91' lang='lat' dir='ltr'><strong>domini</strong></span> <span class='ocrx_word' id='word_1_226' title='bbox 1450 3233 1547 3320; x_wconf 82' lang='lat' dir='ltr'><strong>Regi-</strong></span> 
     </span>
     <span class='ocr_line' id='line_1_27' title="bbox 349 3333 1547 3421; baseline -0.003 -16"><span class='ocrx_word' id='word_1_227' title='bbox 349 3338 438 3405; x_wconf 89' lang='lat' dir='ltr'><strong>naldi</strong></span> <span class='ocrx_word' id='word_1_228' title='bbox 452 3338 493 3403; x_wconf 89' lang='lat' dir='ltr'><strong>de</strong></span> <span class='ocrx_word' id='word_1_229' title='bbox 507 3335 718 3421; x_wconf 63' lang='lat' dir='ltr'><strong>Vaterweyle</strong></span> <span class='ocrx_word' id='word_1_230' title='bbox 732 3356 819 3399; x_wconf 86' lang='lat' dir='ltr'><strong>anno</strong></span> <span class='ocrx_word' id='word_1_231' title='bbox 834 3334 970 3400; x_wconf 91' lang='lat' dir='ltr'><strong>Domini</strong></span> <span class='ocrx_word' id='word_1_232' title='bbox 996 3333 1104 3398; x_wconf 83' lang='lat' dir='ltr'><strong>M⁰oc⁰</strong></span> <span class='ocrx_word' id='word_1_233' title='bbox 1128 3333 1338 3418; x_wconf 87' lang='lat' dir='ltr'><strong>nonagesimo</strong></span> <span class='ocrx_word' id='word_1_234' title='bbox 1354 3333 1470 3419; x_wconf 91' lang='lat' dir='ltr'><strong>primo,</strong></span> <span class='ocrx_word' id='word_1_235' title='bbox 1494 3338 1547 3404; x_wconf 90' lang='lat' dir='ltr'><strong>die</strong></span> 
     </span>
     <span class='ocr_line' id='line_1_28' title="bbox 351 3432 1547 3525; baseline -0.004 -17"><span class='ocrx_word' id='word_1_236' title='bbox 351 3440 469 3508; x_wconf 84' lang='lat' dir='ltr'><strong>Martis</strong></span> <span class='ocrx_word' id='word_1_237' title='bbox 483 3437 632 3525; x_wconf 83' lang='lat' dir='ltr'><strong>proximo</strong></span> <span class='ocrx_word' id='word_1_238' title='bbox 647 3445 722 3502; x_wconf 85' lang='lat' dir='ltr'><strong>ente</strong></span> <span class='ocrx_word' id='word_1_239' title='bbox 737 3436 857 3502; x_wconf 80' lang='lat' dir='ltr'><strong>festum</strong></span> <span class='ocrx_word' id='word_1_240' title='bbox 874 3433 1113 3500; x_wconf 85' lang='lat' dir='ltr'><strong>Purifieecionis</strong></span> <span class='ocrx_word' id='word_1_241' title='bbox 1136 3432 1230 3498; x_wconf 88' lang='lat' dir='ltr'><strong>beate</strong></span> <span class='ocrx_word' id='word_1_242' title='bbox 1246 3432 1362 3513; x_wconf 89' lang='lat' dir='ltr'><strong>Marie,</strong></span> <span class='ocrx_word' id='word_1_243' title='bbox 1377 3434 1454 3500; x_wconf 87' lang='lat' dir='ltr'><strong>fecit</strong></span> <span class='ocrx_word' id='word_1_244' title='bbox 1468 3435 1547 3504; x_wconf 91' lang='lat' dir='ltr'><strong>fide·</strong></span> 
     </span>
    </p>

    <p class='ocr_par' dir='ltr' id='par_1_8' title="bbox 158 3534 1548 3725">
     <span class='ocr_line' id='line_1_29' title="bbox 158 3534 1547 3622; baseline -0.001 -12"><span class='ocrx_word' id='word_1_245' title='bbox 158 3579 188 3611; x_wconf 76' lang='lat' dir='ltr'><strong>ar</strong></span> <span class='ocrx_word' id='word_1_246' title='bbox 219 3578 249 3610; x_wconf 72' lang='lat' dir='ltr'><strong>m.</strong></span> <span class='ocrx_word' id='word_1_247' title='bbox 350 3545 475 3611; x_wconf 86' lang='lat' dir='ltr'><strong>litatem</strong></span> <span class='ocrx_word' id='word_1_248' title='bbox 501 3539 635 3608; x_wconf 88' lang='lat' dir='ltr'><strong>domino</strong></span> <span class='ocrx_word' id='word_1_249' title='bbox 651 3539 789 3607; x_wconf 89' lang='lat' dir='ltr'><strong>Ricardo</strong></span> <span class='ocrx_word' id='word_1_250' title='bbox 805 3539 846 3604; x_wconf 91' lang='lat' dir='ltr'><strong>de</strong></span> <span class='ocrx_word' id='word_1_251' title='bbox 860 3537 1041 3603; x_wconf 89' lang='lat' dir='ltr'><strong>Londoniis</strong></span> <span class='ocrx_word' id='word_1_252' title='bbox 1068 3534 1177 3601; x_wconf 87' lang='lat' dir='ltr'><strong>abbati</strong></span> <span class='ocrx_word' id='word_1_253' title='bbox 1203 3535 1304 3620; x_wconf 89' lang='lat' dir='ltr'><strong>Burgi</strong></span> <span class='ocrx_word' id='word_1_254' title='bbox 1329 3558 1388 3622; x_wconf 90' lang='lat' dir='ltr'><strong>pro</strong></span> <span class='ocrx_word' id='word_1_255' title='bbox 1404 3541 1547 3608; x_wconf 86' lang='lat' dir='ltr'><strong>manerio</strong></span> 
     </span>
     <span class='ocr_line' id='line_1_30' title="bbox 351 3637 1548 3725; baseline -0.002 -14"><span class='ocrx_word' id='word_1_256' title='bbox 351 3649 392 3714; x_wconf 89' lang='lat' dir='ltr'><strong>de</strong></span> <span class='ocrx_word' id='word_1_257' title='bbox 407 3647 563 3722; x_wconf 79' lang='lat' dir='ltr'><strong>Murram,</strong></span> <span class='ocrx_word' id='word_1_258' title='bbox 577 3641 612 3706; x_wconf 91' lang='lat' dir='ltr'><strong>in</strong></span> <span class='ocrx_word' id='word_1_259' title='bbox 627 3662 753 3706; x_wconf 82' lang='lat' dir='ltr'><strong>camera</strong></span> <span class='ocrx_word' id='word_1_260' title='bbox 767 3639 891 3705; x_wconf 91' lang='lat' dir='ltr'><strong>domini</strong></span> <span class='ocrx_word' id='word_1_261' title='bbox 905 3637 1043 3704; x_wconf 86' lang='lat' dir='ltr'><strong>Abbatis</strong></span> <span class='ocrx_word' id='word_1_262' title='bbox 1058 3639 1145 3723; x_wconf 87' lang='lat' dir='ltr'><strong>apud</strong></span> <span class='ocrx_word' id='word_1_263' title='bbox 1161 3638 1318 3724; x_wconf 89' lang='lat' dir='ltr'><strong>Burgum,</strong></span> <span class='ocrx_word' id='word_1_264' title='bbox 1332 3639 1366 3704; x_wconf 90' lang='lat' dir='ltr'><strong>in</strong></span> <span class='ocrx_word' id='word_1_265' title='bbox 1381 3644 1548 3725; x_wconf 88' lang='lat' dir='ltr'><strong>presencia</strong></span> 
     </span>
    </p>
   </div>
   <div class='ocr_carea' id='block_1_3' title="bbox 131 3739 1551 4241">
    <p class='ocr_par' dir='ltr' id='par_1_9' title="bbox 131 3739 1551 4241">
     <span class='ocr_line' id='line_1_31' title="bbox 350 3739 1549 3833; baseline -0.003 -19"><span class='ocrx_word' id='word_1_266' title='bbox 350 3747 496 3833; x_wconf 78' lang='lat' dir='ltr'><strong>magistri</strong></span> <span class='ocrx_word' id='word_1_267' title='bbox 510 3743 647 3810; x_wconf 86' lang='lat' dir='ltr'><strong>Boberti</strong></span> <span class='ocrx_word' id='word_1_268' title='bbox 662 3743 702 3808; x_wconf 90' lang='lat' dir='ltr'><strong>de</strong></span> <span class='ocrx_word' id='word_1_269' title='bbox 718 3741 850 3808; x_wconf 79' lang='lat' dir='ltr'><strong>Seufeld</strong></span> <span class='ocrx_word' id='word_1_270' title='bbox 871 3751 951 3806; x_wconf 92' lang='lat' dir='ltr'><strong>tunc</strong></span> <span class='ocrx_word' id='word_1_271' title='bbox 977 3739 1144 3805; x_wconf 83' lang='lat' dir='ltr'><strong>senescalli</strong></span> <span class='ocrx_word' id='word_1_272' title='bbox 1159 3739 1269 3825; x_wconf 89' lang='lat' dir='ltr'><strong>Burgi,</strong></span> <span class='ocrx_word' id='word_1_273' title='bbox 1286 3739 1393 3805; x_wconf 83' lang='lat' dir='ltr'><strong>fratris</strong></span> <span class='ocrx_word' id='word_1_274' title='bbox 1410 3741 1549 3810; x_wconf 83' lang='lat' dir='ltr'><strong>Galfridi</strong></span> 
     </span>
     <span class='ocr_line' id='line_1_32' title="bbox 352 3842 1549 3923; baseline -0.004 -7"><span class='ocrx_word' id='word_1_275' title='bbox 352 3852 392 3916; x_wconf 93' lang='lat' dir='ltr'><strong>de</strong></span> <span class='ocrx_word' id='word_1_276' title='bbox 408 3849 582 3914; x_wconf 84' lang='lat' dir='ltr'><strong>Carletona</strong></span> <span class='ocrx_word' id='word_1_277' title='bbox 604 3845 750 3912; x_wconf 90' lang='lat' dir='ltr'><strong>custodis</strong></span> <span class='ocrx_word' id='word_1_278' title='bbox 775 3855 854 3910; x_wconf 89' lang='lat' dir='ltr'><strong>tunc</strong></span> <span class='ocrx_word' id='word_1_279' title='bbox 881 3842 1108 3923; x_wconf 88' lang='lat' dir='ltr'><strong>maneriorum,</strong></span> <span class='ocrx_word' id='word_1_280' title='bbox 1134 3842 1262 3908; x_wconf 90' lang='lat' dir='ltr'><strong>Nicolai</strong></span> <span class='ocrx_word' id='word_1_281' title='bbox 1277 3843 1317 3908; x_wconf 91' lang='lat' dir='ltr'><strong>de</strong></span> <span class='ocrx_word' id='word_1_282' title='bbox 1337 3843 1458 3910; x_wconf 87' lang='lat' dir='ltr'><strong>Sancto</strong></span> <span class='ocrx_word' id='word_1_283' title='bbox 1475 3845 1549 3912; x_wconf 88' lang='lat' dir='ltr'><strong>Me-</strong></span> 
     </span>
     <span class='ocr_line' id='line_1_33' title="bbox 352 3952 672 4032; baseline -0.016 -12"><span class='ocrx_word' id='word_1_284' title='bbox 352 3953 464 4032; x_wconf 83' lang='lat' dir='ltr'><strong>dardo,</strong></span> <span class='ocrx_word' id='word_1_285' title='bbox 478 3961 512 4017; x_wconf 87' lang='lat' dir='ltr'><strong>et</strong></span> <span class='ocrx_word' id='word_1_286' title='bbox 526 3952 672 4017; x_wconf 86' lang='lat' dir='ltr'><strong>aliorum.</strong></span> 
     </span>
     <span class='ocr_line' id='line_1_34' title="bbox 396 4048 1550 4136; baseline -0.004 -15"><span class='ocrx_word' id='word_1_287' title='bbox 396 4057 494 4121; x_wconf 84' lang='lat' dir='ltr'><strong>Anno</strong></span> <span class='ocrx_word' id='word_1_288' title='bbox 506 4053 640 4120; x_wconf 92' lang='lat' dir='ltr'><strong>Domini</strong></span> <span class='ocrx_word' id='word_1_289' title='bbox 650 4053 758 4117; x_wconf 82' lang='lat' dir='ltr'><strong>M⁰cc⁰</strong></span> <span class='ocrx_word' id='word_1_290' title='bbox 768 4051 977 4136; x_wconf 88' lang='lat' dir='ltr'><strong>nonagesimo</strong></span> <span class='ocrx_word' id='word_1_291' title='bbox 992 4049 1109 4134; x_wconf 89' lang='lat' dir='ltr'><strong>primo,</strong></span> <span class='ocrx_word' id='word_1_292' title='bbox 1124 4048 1176 4113; x_wconf 90' lang='lat' dir='ltr'><strong>die</strong></span> <span class='ocrx_word' id='word_1_293' title='bbox 1189 4049 1307 4114; x_wconf 83' lang='lat' dir='ltr'><strong>Martis</strong></span> <span class='ocrx_word' id='word_1_294' title='bbox 1315 4049 1464 4133; x_wconf 85' lang='lat' dir='ltr'><strong>proximo</strong></span> <span class='ocrx_word' id='word_1_295' title='bbox 1475 4060 1550 4116; x_wconf 91' lang='lat' dir='ltr'><strong>ante</strong></span> 
     </span>
     <span class='ocr_line' id='line_1_35' title="bbox 131 4151 1551 4241; baseline -0.004 -17"><span class='ocrx_word' id='word_1_296' title='bbox 131 4175 291 4225; x_wconf 64' lang='lat' dir='ltr'><strong>rumenel.</strong></span> <span class='ocrx_word' id='word_1_297' title='bbox 351 4162 472 4226; x_wconf 77' lang='lat' dir='ltr'><strong>festum</strong></span> <span class='ocrx_word' id='word_1_298' title='bbox 499 4157 602 4224; x_wconf 89' lang='lat' dir='ltr'><strong>sancti</strong></span> <span class='ocrx_word' id='word_1_299' title='bbox 623 4157 752 4222; x_wconf 86' lang='lat' dir='ltr'><strong>Andree</strong></span> <span class='ocrx_word' id='word_1_300' title='bbox 776 4153 927 4241; x_wconf 89' lang='lat' dir='ltr'><strong>apostoli,</strong></span> <span class='ocrx_word' id='word_1_301' title='bbox 954 4152 1035 4218; x_wconf 89' lang='lat' dir='ltr'><strong>obiit</strong></span> <span class='ocrx_word' id='word_1_302' title='bbox 1063 4151 1224 4218; x_wconf 83' lang='lat' dir='ltr'><strong>Henricur</strong></span> <span class='ocrx_word' id='word_1_303' title='bbox 1241 4151 1281 4216; x_wconf 84' lang='lat' dir='ltr'><strong>de</strong></span> <span class='ocrx_word' id='word_1_304' title='bbox 1308 4151 1551 4218; x_wconf 78' lang='lat' dir='ltr'><strong>Folkssworthe</strong></span> 
     </span>
    </p>
   </div>
   <div class='ocr_carea' id='block_1_4' title="bbox 0 0 1961 5024">
    <p class='ocr_par' dir='ltr' id='par_1_10' title="bbox 0 0 1961 5024">
     <span class='ocr_line' id='line_1_36' title="bbox 0 0 1961 5024; baseline 0 0"><span class='ocrx_word' id='word_1_305' title='bbox 0 0 1961 5024; x_wconf 95' lang='lat' dir='ltr'><strong> </strong></span> 
     </span>
    </p>
   </div>
  </div>
 </body>
</html>
