3938 5022
420 619 481 676 100
731 632 944 678 canonicos
963 633 1290 678 ressosusssnsrr.

415 783 582 862 interesse,
598 784 625 847 si
641 803 712 848 eam
727 784 888 848 committi
902 783 1073 869 contigerit
1081 809 1091 862 3
1117 805 1175 868 per
1190 784 1414 870 suspensionis
1430 791 1472 848 -et
1485 803 1616 848 excom·

417 885 648 950 municecionis
678 887 858 952 sentencias
881 886 1015 952 liberius
1040 887 1233 973 compellere
1255 888 1361 952 valeat
1389 886 1431 952 de
1458 886 1557 972 plano
1582 894 1618 950 et
1687 901 1690 908 '

417 985 538 1073 absque
556 989 647 1053 omni
669 990 805 1075 strepitu
827 989 982 1075 judiciali.
1028 990 1133 1075 Super
1154 1012 1218 1075 que
1233 991 1338 1054 ‘etiam
1359 1013 1443 1076 pene
1465 988 1616 1055 commis-

417 1091 508 1155 sione
534 1081 672 1177 simplici
686 1093 785 1158 verbo
800 1103 921 1172 vestro,
935 1093 987 1158 vel
1008 1093 1144 1178 alicujus
1168 1101 1314 1158 vestrum
1336 1114 1397 1176 pro
1411 1092 1516 1172 vobis,
1531 1101 1615 1156 stare

416 1193 492 1258 volo
515 1203 549 1258 et
571 1195 743 1272 consencio
769 1195 891 1282 absque
911 1197 1096 1280 juramento
1123 1205 1157 1260 et
1180 1195 1271 1260 omni
1295 1195 1358 1260 alio
1374 1215 1483 1286 ¹onere
1506 1194 1615 1279 cujus·

416 1317 554 1382 cumque
587 1296 800 1382 probationis,
815 1297 912 1383 culpa
944 1296 1022 1360 dicti
1044 1296 1221 1382 juramenti
1251 1297 1315 1361 mei
1344 1318 1411 1361 non
1440 1296 1615 1375 observati,

415 1409 515 1483 prout
535 1399 662 1483 justum
683 1399 790 1478 fuerit,
804 1421 863 1484 per
888 1399 1028 1464 eundem
1049 1397 1193 1482 judicem
1218 1399 1358 1464 electum
1386 1397 1616 1463 nichilominus

416 1499 586 1586 plectenda
596 1499 691 1584 juxta
699 1499 868 1565 canonicas
884 1499 1078 1565 sanctiones.
1112 1499 1280 1564 Renuncio
1291 1499 1389 1564 etiam
1399 1498 1433 1563 in
1449 1497 1615 1584 premissis

417 1603 686 1688 promissionibus
701 1613 736 1669 et
749 1603 1003 1689 obligecionibus
1013 1603 1093 1668 meis
1109 1602 1199 1667 omni
1214 1602 1475 1680 contmdiccioni‚
1487 1601 1614 1668 cer'illa·

417 1707 513 1786 cinni,
528 1707 750 1791 appellucioni‚
770 1707 856 1791 regie
878 1705 1104 1789 prohibicioni,
1122 1705 1163 1770 de
1187 1704 1314 1769 duabus
1337 1705 1432 1770 dietis
1456 1704 1615 1770 constitu-

418 1809 514 1888 cioni,
528 1809 589 1873 fori
614 1809 811 1894 excepcioni,
833 1809 986 1893 omnique
1009 1809 1116 1894 aliquo
1139 1808 1282 1873 remedio
1304 1809 1387 1894 juris
1412 1807 1559 1873 canonici
1581 1817 1616 1873 et

418 1911 531 1990 civilis,
547 1911 699 1976 omnibus
723 1911 905 1997 impetretis
920 1921 954 1975 et
974 1911 1186 1996 inpetrandis,
1204 1933 1268 1996 que
1291 1911 1390 1986 michi
1404 1911 1559 1996 prodesse
1581 1920 1615 1976 et

417 2013 511 2080 vobis
525 2015 727 2098 aliquatenus
747 2013 862 2079 obesse
885 2024 1022 2099 possent
1044 2014 1079 2078 in
1102 2014 1345 2099 prenominatis.
1391 2015 1431 2078 ln
1453 2015 1546 2100 cujus
1568 2013 1616 2079 rei

417 2117 642 2182 testimonium
657 2126 719 2182 etc.
763 2117 886 2180 Datum
901 2117 988 2200 apud
1004 2117 1161 2201 Burgum.
1176 2117 1210 2182 ii.
1224 2116 1379 2182 kalendas
1403 2116 1614 2203 Septembris.

417 2219 515 2284 Anno
529 2220 641 2304 gretie.
656 2219 780 2285 M⁰.cc⁰.
795 2218 1006 2305 Octogesimo
1020 2229 1145 2304 quarto.

461 2324 525 2388 Die
562 2333 671 2390 sancte
702 2324 792 2388 Fidis
822 2323 954 2409 virginis
979 2324 1078 2388 frater
1106 2322 1275 2388 Johannes
1312 2325 1353 2389 de
1388 2324 1528 2390 Pecham
1565 2345 1616 2389 ar-

417 2427 642 2514 chiepiscopus
673 2426 847 2492 cantuarie
870 2426 947 2492 fecit
967 2425 1191 2492 visitacionem
1217 2448 1310 2491 suam
1341 2427 1428 2513 apud
1458 2427 1615 2514 Burgum,

418 2541 451 2595 et
473 2529 589 2594 habuit
609 2551 668 2614 pro
691 2528 920 2613 procuracione
944 2550 1003 2592 sua
1024 2539 1162 2614 quatuor
1176 2551 1311 2608 marcas,
1325 2539 1358 2593 et
1372 2531 1535 2595 revocavit
1550 2552 1616 2596 ser-

418 2630 538 2694 vicium
553 2631 641 2714 quod
656 2630 719 2693 fuit
733 2629 955 2694 abbreviatum
972 2650 1029 2713 per
1042 2629 1243 2714 presidentes
1259 2631 1390 2715 capituli
1404 2632 1572 2714 generalis.

464 2731 548 2796 Item
562 2731 626 2796 hoc
636 2752 722 2795 anno
733 2740 767 2794 et
783 2776 891 2795 .....
905 2729 1084 2794 vicecomes
1097 2729 1265 2794 Lincolnie
1275 2732 1416 2796 reddidit
1425 2743 1615 2816 compotum

420 2855 515 2902 suurn
539 2833 580 2898 ad
602 2833 804 2900 scaccarium
828 2831 953 2898 domini
977 2831 1076 2918 Regis
1103 2833 1188 2917 apud
1205 2832 1543 2916 Westmonasterium,
1558 2835 1616 2900 ubi

417 2937 565 3002 interfuit
597 2935 736 3002 ballivus
761 2935 919 3001 libertatis
946 2934 986 2999 de
1017 2934 1127 3019 Burgo
1152 2935 1194 2999 ad
1223 2937 1478 3021 computandum
1504 2947 1538 3003 et
1565 2961 1616 3005 re·

418 3043 646 3127 spondendum
671 3063 732 3126 pro
757 3037 961 3107 libertatibus
990 3038 1114 3104 domini
1142 3037 1280 3119 abbatis,
1302 3049 1336 3104 et
1358 3041 1462 3108 levate
1484 3042 1617 3109 suerunt

421 3145 532 3213 decem
547 3167 653 3211 marce
668 3145 709 3209 de
722 3143 909 3210 hominibus
924 3143 965 3207 de
981 3141 1163 3222 Stanforde,
1178 3151 1212 3207 et
1233 3164 1292 3228 per
1314 3142 1469 3210 ballivum
1493 3147 1617 3214 domini

419 3248 545 3316 abbatis
560 3249 706 3334 ejusdem
721 3247 796 3312 ville
810 3246 930 3311 ibidem
953 3245 1085 3312 fuerunt
1103 3245 1246 3311 liberate.
1291 3246 1337 3310 Et
1351 3248 1426 3332 quia
1440 3268 1499 3333 per
1512 3257 1616 3314 cartas

418 3351 605 3416 libertatum
619 3349 784 3436 predictus
799 3349 950 3414 dominus
965 3348 1065 3414 abbas
1086 3347 1204 3413 hebere
1227 3347 1325 3414 debet
1345 3359 1469 3415 sextam
1491 3362 1617 3434 purtem

418 3452 740 3516 amerciamentorum
759 3451 906 3536 ejusdem
921 3451 1007 3530 ville,
1027 3449 1321 3536 quocienscumque
1335 3451 1528 3530 acciderint3
1549 3451 1616 3518 bal·

417 3551 502 3616 livus
527 3552 685 3618 libertatis
709 3552 749 3618 de
776 3553 886 3636 Burgo
915 3552 1065 3636 exigebat
1094 3562 1218 3616 sextam
1248 3563 1372 3637 purtem
1398 3553 1615 3638 predictorum

419 3655 623 3720 denariorum
648 3655 690 3720 ad
715 3675 799 3739 opus
825 3653 949 3718 domini
972 3654 1110 3733 abbatis,
1136 3655 1189 3719 cui
1214 3675 1407 3738 responsum
1432 3653 1505 3730 fuit,
1527 3654 1616 3738 quod

418 3757 556 3842 predicti
571 3757 693 3822 denarii
717 3777 782 3820 non
808 3757 940 3822 fuerunt
962 3757 1060 3821 levati
1085 3778 1145 3842 pro
1168 3757 1416 3823 amerciamento
1439 3765 1616 3841 transgres-

419 3857 539 3938 sionis3
558 3859 615 3924 sed
630 3881 689 3944 pro
703 3857 768 3923 fine
778 3859 863 3923 secto
879 3859 1011 3924 domino
1027 3859 1119 3945 Regi.
1143 3859 1248 3945 Super
1262 3881 1327 3944 quo
1338 3858 1548 3925 altercacione
1560 3860 1617 3926 diu

418 3959 528 4030 habita
553 3982 661 4026 coram
686 3958 862 4025 baronibus
888 3959 928 4024 da
955 3960 1120 4026 Scacoario
1149 3961 1306 4046 predicto,
1330 3961 1462 4027 tandem
1491 3963 1616 4049 adjudi-

418 4073 526 4132 catum
551 4065 614 4130 fuit
648 4062 766 4148 inquiri
790 4085 810 4127 a
833 4063 965 4128 domino
990 4063 1134 4131 Roberto
1161 4065 1201 4130 de
1227 4065 1378 4152 Enghsm
1403 4075 1514 4134 utrum
1538 4066 1617 4134 dicti

419 4167 540 4238 denarii
554 4166 675 4235 tuerint
689 4186 748 4252 pro
763 4165 1029 4254 transgressione,
1044 4189 1087 4238 en
1101 4188 1161 4258 pro
1176 4167 1251 4238 fine.
