3894 5024
390 587 454 646 130
707 601 921 646 canonicos
939 600 1264 647 aaraoauaosuse.

391 751 554 822 Henricus
577 751 663 816 filius
678 751 835 818 Willelmi
859 754 900 818 de
913 753 1089 819 Amevvelle
1111 753 1243 836 injuste,
1258 759 1319 816 etc.
1335 748 1591 817 dissaisiaverint

390 853 577 922 Jobannem
600 853 640 918 de
666 852 862 938 Ryseberwe
887 875 1060 938 personam
1087 854 1221 920 ecclesie
1237 854 1277 918 de
1291 853 1475 938 Tynevvelle
1495 853 1591 936 juxta

393 955 598 1033 Staunforde,
614 963 690 1038 post
703 955 881 1038 predictam
897 968 958 1041 etc.
998 959 1045 1022 Et
1059 959 1146 1023 unde
1161 957 1306 1043 queritur
1326 956 1413 1040 quod
1429 955 1591 1019 dissaisia-

392 1064 512 1122 verunt
526 1077 601 1119 eum
624 1054 664 1118 de
678 1076 744 1118 una
758 1057 858 1140 platia
879 1067 963 1122 terre
985 1081 1048 1144 que
1069 1059 1215 1124 continet
1237 1057 1341 1123 sexies
1355 1056 1470 1142 viginti
1491 1056 1591 1142 pedes

393 1167 477 1228 terre
492 1163 526 1220 in
540 1155 754 1241 longitudine,
769 1168 803 1221 et
818 1159 899 1222 duas
913 1160 1014 1243 pedes
1028 1169 1113 1225 terre
1128 1170 1162 1225 et
1176 1159 1343 1223 dimidiam
1358 1158 1393 1221 in
1408 1157 1592 1236 latitudine,

395 1283 469 1326 cum
484 1259 704 1345 pertinenciis,
719 1269 780 1324 etc.
823 1261 871 1324 Et
886 1261 986 1325 abbas
1001 1284 1060 1347 per
1077 1263 1241 1348 Rogerum
1257 1263 1298 1327 de
1316 1262 1422 1326 Merle
1436 1259 1592 1325 ballivum

396 1386 491 1428 suurn
512 1362 706 1426 attachiatus
720 1372 755 1427 et
770 1362 933 1428 Henricus
948 1376 1118 1432 venerunt.
1162 1366 1208 1430 Et
1224 1365 1386 1430 Henricus
1402 1363 1491 1442 dicit,
1505 1362 1594 1448 quod

394 1468 466 1554 ipse
480 1466 580 1532 nichil
594 1465 694 1530 habet
707 1488 767 1530 nec
783 1466 903 1551 aliquid
925 1468 1076 1532 clamium
1089 1470 1132 1548 ‚in
1147 1470 1294 1555 predicto
1318 1475 1516 1546 tenemento,
1533 1488 1593 1530 nec

396 1569 537 1654 aliquam
551 1567 701 1652 injuriam
716 1567 804 1647 fecit,
826 1578 860 1632 et
875 1567 915 1631 da
930 1569 992 1632 hoc
1007 1570 1102 1655 ponit
1117 1593 1152 1636 se
1167 1591 1266 1655 super
1279 1569 1426 1647 assisam,
1442 1577 1503 1634 etc.
1548 1568 1594 1632 Et

398 1671 498 1738 abbas
513 1692 570 1754 per
592 1669 774 1754 predictum
795 1669 950 1735 ballivum
973 1694 1069 1736 suum
1085 1673 1173 1754 dicit,
1188 1672 1277 1757 quod
1296 1672 1366 1756 ipsc
1381 1670 1457 1735 inde
1473 1670 1593 1736 nullam

397 1774 549 1859 injuriam
573 1773 661 1837 fecit.
716 1772 806 1836 Dicit
831 1774 917 1836 enim
944 1775 1032 1858 quod
1061 1777 1131 1860 ipse
1161 1775 1286 1840 invenit
1311 1773 1479 1840 ecclesiam
1502 1793 1594 1836 suam

400 1877 554 1961 seysitam
569 1876 609 1939 de
623 1874 768 1961 predicta
783 1875 882 1958 platia
899 1885 993 1955 terre,
1009 1877 1061 1943 die
1076 1901 1141 1964 quo
1157 1886 1283 1943 creatus
1302 1876 1365 1940 fuit
1380 1877 1414 1940 in
1434 1874 1596 1954 abbatem,

399 1988 433 2042 et
448 1979 517 2061 ipse
532 1986 566 2040 ct
580 1998 693 2040 omnes
708 1977 951 2060 predecessores
975 1979 1026 2042 sui
1045 1982 1223 2064 predictam
1245 1979 1378 2064 platiam
1401 1977 1596 2056 habuerunt,

399 2088 554 2162 tanquam
569 2077 769 2160 adjacentem
792 2087 826 2141 et
847 2079 1064 2162 pertinentem
1080 2081 1251 2145 dominicis
1266 2080 1360 2144 terris
1381 2079 1448 2144 suis
1464 2080 1596 2159 ibidem,

401 2181 498 2245 etde
526 2179 687 2264 herbagiis
717 2189 751 2244 et
777 2181 817 2245 de
846 2181 916 2244 aliis
940 2181 975 2244 in
1000 2184 1145 2270 predicta
1170 2183 1271 2269 platia
1296 2183 1514 2248 crescentibus
1537 2205 1596 2269 pro

400 2269 567 2350 voluntate
593 2305 652 2346 sua
677 2283 849 2367 disposuit,
875 2282 996 2368 absque
1026 2285 1088 2349 hoc
1114 2286 1201 2370 quod
1237 2283 1402 2370 predictus
1428 2284 1597 2349 Jobannes

401 2388 518 2454 fuisset
532 2387 608 2450 inde
624 2386 775 2470 seysitus,
790 2385 835 2448 ita
850 2386 937 2470 quod
952 2386 1061 2470 potuit
1082 2387 1158 2450 inde
1173 2385 1357 2450 dissaisiari.
1405 2384 1449 2449 Et
1470 2386 1511 2449 de
1533 2388 1596 2452 hoc

401 2490 495 2575 ponit
510 2511 545 2553 se
560 2510 659 2572 super
679 2489 824 2563 assisam,
841 2497 901 2552 etc.
947 2488 993 2552 Et
1019 2488 1183 2574 predictus
1209 2488 1377 2553 Jobannes
1400 2487 1488 2562 dicit,
1511 2490 1596 2573 quod

401 2592 546 2676 predicta
570 2589 670 2672 platia
692 2589 779 2672 jacet
801 2590 976 2654 lateraliter
996 2592 1093 2674 juxta
1118 2611 1247 2653 murum
1273 2589 1428 2672 mesuagii
1455 2589 1516 2669 sui,
1538 2611 1600 2675 que

402 2694 535 2764 dimissa
549 2691 612 2754 fuit
634 2700 725 2753 extra
748 2691 887 2754 eundem
912 2714 1042 2755 murum
1064 2693 1104 2755 ad
1130 2692 1365 2776 reparationem
1392 2701 1425 2756 et
1450 2694 1600 2758 emenda-

401 2797 524 2861 tionem
540 2792 696 2878 mesuagii
712 2793 761 2856 sui
776 2793 923 2877 predicti,
938 2803 971 2858 et
986 2793 1032 2858 sic
1052 2794 1115 2858 fuit
1135 2795 1212 2858 inde
1231 2795 1266 2858 in
1291 2795 1418 2880 seysina
1431 2817 1600 2882 quousque

403 2896 540 2984 predicti
555 2894 655 2960 abbas
670 2903 704 2959 et
720 2895 883 2961 Henricus
898 2895 1007 2982 ipsum
1022 2895 1098 2960 inde
1113 2897 1245 2982 injuste,
1255 2907 1316 2963 etc.
1327 2899 1601 2980 dissaisiaverunt,

404 3009 438 3070 et
451 3001 514 3064 hoc
529 2998 612 3084 petit
626 2998 714 3083 quod
728 2997 908 3084 inquiretur
922 3021 980 3084 per
994 3003 1140 3080 assisam,
1156 3010 1218 3065 etc.

447 3103 471 3168 J
472 3103 556 3167 urati
566 3103 679 3168 dicunt
694 3124 791 3188 super
803 3111 1038 3167 sacramentum
1049 3125 1145 3167 suum
1160 3104 1248 3188 quod
1259 3104 1423 3189 predictus
1433 3106 1455 3171 J
1457 3106 1601 3170 ohannes

404 3229 571 3291 nunquam
587 3206 650 3269 fuit
663 3206 698 3269 in
715 3206 842 3290 seysina
858 3205 897 3270 de
912 3205 1058 3290 predicto
1073 3214 1273 3285 tenement0,
1288 3217 1326 3271 ut
1341 3208 1381 3272 de
1396 3208 1497 3273 libero
1512 3219 1602 3273 tene-

404 3317 517 3374 mento
539 3327 610 3384 suo,
624 3306 670 3368 ita
685 3305 773 3390 quod
798 3305 905 3389 potuit
930 3305 1007 3370 inde
1028 3306 1211 3370 dissaisiari.
1258 3307 1337 3371 Ideo
1364 3309 1602 3372 consideratum

405 3409 557 3493 estquod
584 3407 721 3492 predicti
744 3407 844 3472 abbas
868 3416 902 3472 et
928 3408 1091 3473 Henricus
1117 3409 1194 3474 inde
1221 3409 1287 3472 sint
1306 3410 1376 3472 sine
1391 3410 1454 3488 die,
1472 3417 1506 3472 et
1529 3431 1603 3492 pre-

406 3507 512 3577 dictus
527 3509 550 3572 J
552 3509 696 3572 ohannes
711 3509 812 3572 nichil
827 3509 932 3593 capiat
946 3531 1005 3593 per
1019 3509 1153 3573 assisam
1168 3510 1275 3586 istam,
1291 3509 1348 3572 sed
1370 3509 1414 3572 sit
1430 3509 1465 3572 in
1480 3507 1604 3572 miseri-

407 3610 515 3676 cordia
529 3631 588 3694 pro
603 3610 685 3672 falso
701 3609 827 3687 clamio,
843 3619 904 3673 etc.

148 3802 150 3808 ἲ
189 3741 371 3810 ww&
450 3717 464 3792 l
470 3712 567 3776 Carta
579 3711 704 3775 domini
713 3709 851 3774 Galiridi
862 3710 901 3774 de
912 3709 944 3772 la
953 3710 1047 3774 Mare
1056 3733 1116 3796 pcr
1127 3734 1222 3797 quem
1232 3711 1316 3798 petit
1326 3709 1606 3791 Constabuhriam

408 3814 521 3899 Burgi.

453 3915 690 3981 Sciantomnes
701 3913 740 3978 ad
754 3935 835 3999 quos
851 3914 956 3977 littere
968 3913 1030 3977 iste
1041 3915 1254 3998 pervenerint,
1268 3915 1353 4000 quod
1366 3937 1425 4001 ego
1438 3917 1460 3982 J
1462 3917 1605 3984 ohannes

409 4003 508 4084 abbas
534 4017 574 4106 de
602 4014 712 4100 Burgo
738 4025 771 4079 et
791 4024 880 4078 totus
905 4023 1015 4080 nostre
1036 4015 1169 4080 ecclesie
1190 4016 1381 4082 Conventus
1402 4019 1549 4084 dedimus
1573 4029 1607 4084 ct

410 4121 546 4188 firmiter
561 4119 779 4185 concessimus
797 4118 968 4204 Radulpho
984 4119 1025 4183 de
1039 4119 1071 4182 la
1082 4119 1176 4185 Mare
1189 4119 1418 4186 hereditarium
1433 4122 1606 4188 constabu-

412 4227 514 4292 latum
529 4225 630 4290 totius
645 4222 776 4288 abbacie
787 4223 888 4308 Burgi
903 4231 937 4286 et
949 4221 1122 4288 heredibus
1138 4223 1205 4288 suis
1220 4225 1460 4311 imperpetuum
1481 4235 1515 4290 et
1529 4247 1606 4291 con·
