<?xml version="1.0" encoding="UTF-8"?>
<!DOCTYPE html PUBLIC "-//W3C//DTD XHTML 1.0 Transitional//EN"
    "http://www.w3.org/TR/xhtml1/DTD/xhtml1-transitional.dtd">
<html xmlns="http://www.w3.org/1999/xhtml" xml:lang="en" lang="en">
 <head>
  <title>
</title>
<meta http-equiv="Content-Type" content="text/html;charset=utf-8" />
  <meta name='ocr-system' content='tesseract 3.04.00' />
  <meta name='ocr-capabilities' content='ocr_page ocr_carea ocr_par ocr_line ocrx_word'/>
</head>
<body>
  <div class='ocr_page' id='page_1' title='image "./chroniconpetrob01brucgoog_0023.png"; bbox 0 0 3812 5030; ppageno 0'>
   <div class='ocr_carea' id='block_1_1' title="bbox 643 609 1524 680">
    <p class='ocr_par' dir='ltr' id='par_1_1' title="bbox 643 609 1524 680">
     <span class='ocr_line' id='line_1_1' title="bbox 643 609 1524 680; baseline 0.001 -4"><span class='ocrx_word' id='word_1_1' title='bbox 643 631 858 678; x_wconf 78' lang='lat' dir='ltr'>canonicos</span> <span class='ocrx_word' id='word_1_2' title='bbox 882 633 1209 680; x_wconf 79' lang='lat' dir='ltr'>annnoauaonnsa.</span> <span class='ocrx_word' id='word_1_3' title='bbox 1502 609 1524 668; x_wconf 82' lang='grc'><strong>3</strong></span> 
     </span>
    </p>
   </div>
   <div class='ocr_carea' id='block_1_2' title="bbox 213 778 1524 946">
    <p class='ocr_par' dir='ltr' id='par_1_2' title="bbox 213 778 1524 946">
     <span class='ocr_line' id='line_1_2' title="bbox 213 778 1524 873; baseline 0.001 -33"><span class='ocrx_word' id='word_1_4' title='bbox 213 783 310 836; x_wconf 73' lang='lat' dir='ltr'>nunt.</span> <span class='ocrx_word' id='word_1_5' title='bbox 371 778 533 844; x_wconf 85' lang='lat' dir='ltr'>Henricus</span> <span class='ocrx_word' id='word_1_6' title='bbox 562 802 619 847; x_wconf 84' lang='lat' dir='ltr'>rex</span> <span class='ocrx_word' id='word_1_7' title='bbox 645 783 740 849; x_wconf 86' lang='lat' dir='ltr'>duxit</span> <span class='ocrx_word' id='word_1_8' title='bbox 764 787 959 854; x_wconf 86' lang='lat' dir='ltr'>excercitum</span> <span class='ocrx_word' id='word_1_9' title='bbox 971 787 1061 873; x_wconf 89' lang='lat' dir='ltr'>apud</span> <span class='ocrx_word' id='word_1_10' title='bbox 1069 785 1235 850; x_wconf 82' lang='lat' dir='ltr'>Walliam.</span> <span class='ocrx_word' id='word_1_11' title='bbox 1281 779 1440 846; x_wconf 87' lang='lat' dir='ltr'>Ricardus</span> <span class='ocrx_word' id='word_1_12' title='bbox 1466 799 1524 842; x_wconf 88' lang='lat' dir='ltr'>rex</span> 
     </span>
     <span class='ocr_line' id='line_1_3' title="bbox 323 880 477 946; baseline 0.013 -2"><span class='ocrx_word' id='word_1_13' title='bbox 323 880 477 946; x_wconf 67' lang='lat' dir='ltr'>miscitur.</span> 
     </span>
    </p>
   </div>
   <div class='ocr_carea' id='block_1_3' title="bbox 120 979 1524 1169">
    <p class='ocr_par' dir='ltr' id='par_1_3' title="bbox 120 979 1524 1169">
     <span class='ocr_line' id='line_1_4' title="bbox 209 979 1524 1070; baseline 0.01 -39"><span class='ocrx_word' id='word_1_14' title='bbox 209 985 308 1048; x_wconf 69' lang='lat' dir='ltr'>notaui,</span> <span class='ocrx_word' id='word_1_15' title='bbox 368 979 545 1047; x_wconf 81' lang='lat' dir='ltr'>Coronatio</span> <span class='ocrx_word' id='word_1_16' title='bbox 568 985 652 1070; x_wconf 88' lang='lat' dir='ltr'>regis</span> <span class='ocrx_word' id='word_1_17' title='bbox 672 986 809 1052; x_wconf 84' lang='lat' dir='ltr'>Hernici</span> <span class='ocrx_word' id='word_1_18' title='bbox 830 988 866 1054; x_wconf 89' lang='lat' dir='ltr'>in</span> <span class='ocrx_word' id='word_1_19' title='bbox 885 987 1067 1054; x_wconf 89' lang='lat' dir='ltr'>Lincolnia.</span> <span class='ocrx_word' id='word_1_20' title='bbox 1112 987 1207 1053; x_wconf 86' lang='lat' dir='ltr'>Obiit</span> <span class='ocrx_word' id='word_1_21' title='bbox 1234 984 1402 1051; x_wconf 82' lang='lat' dir='ltr'>Gallridus</span> <span class='ocrx_word' id='word_1_22' title='bbox 1425 982 1524 1046; x_wconf 86' lang='lat' dir='ltr'>frater</span> 
     </span>
     <span class='ocr_line' id='line_1_5' title="bbox 120 1071 1522 1169; baseline 0.009 -34"><span class='ocrx_word' id='word_1_23' title='bbox 120 1071 249 1136; x_wconf 53' lang='lat' dir='ltr'>(fd-¹²1²·</span> <span class='ocrx_word' id='word_1_24' title='bbox 261 1073 309 1140; x_wconf 52' lang='lat'>¹2)</span> <span class='ocrx_word' id='word_1_25' title='bbox 321 1083 415 1169; x_wconf 85' lang='lat' dir='ltr'>regis.</span> <span class='ocrx_word' id='word_1_26' title='bbox 468 1085 607 1152; x_wconf 87' lang='lat' dir='ltr'>Justicia</span> <span class='ocrx_word' id='word_1_27' title='bbox 628 1088 669 1152; x_wconf 89' lang='lat' dir='ltr'>de</span> <span class='ocrx_word' id='word_1_28' title='bbox 695 1090 893 1158; x_wconf 79' lang='lat' dir='ltr'>monetariis.</span> <span class='ocrx_word' id='word_1_29' title='bbox 939 1090 1104 1156; x_wconf 85' lang='lat' dir='ltr'>Galfridus</span> <span class='ocrx_word' id='word_1_30' title='bbox 1127 1112 1236 1156; x_wconf 89' lang='lat' dir='ltr'>comes</span> <span class='ocrx_word' id='word_1_31' title='bbox 1261 1085 1429 1154; x_wconf 86' lang='lat' dir='ltr'>Britannia</span> <span class='ocrx_word' id='word_1_32' title='bbox 1448 1106 1522 1149; x_wconf 90' lang='lat' dir='ltr'>nas-</span> 
     </span>
    </p>
   </div>
   <div class='ocr_carea' id='block_1_4' title="bbox 321 1186 414 1252">
    <p class='ocr_par' dir='ltr' id='par_1_4' title="bbox 321 1186 414 1252">
     <span class='ocr_line' id='line_1_6' title="bbox 321 1186 414 1252; baseline 0.022 -2"><span class='ocrx_word' id='word_1_33' title='bbox 321 1186 414 1252; x_wconf 88' lang='lat' dir='ltr'>citur.</span> 
     </span>
    </p>
   </div>
   <div class='ocr_carea' id='block_1_5' title="bbox 121 1290 1545 3815">
    <p class='ocr_par' dir='ltr' id='par_1_5' title="bbox 219 1290 1522 1690">
     <span class='ocr_line' id='line_1_7' title="bbox 219 1290 1522 1375; baseline -0.002 -19"><span class='ocrx_word' id='word_1_34' title='bbox 219 1306 307 1356; x_wconf 70' lang='lat' dir='ltr'>Mona</span> <span class='ocrx_word' id='word_1_35' title='bbox 367 1290 431 1356; x_wconf 90' lang='lat' dir='ltr'>Hic</span> <span class='ocrx_word' id='word_1_36' title='bbox 454 1313 511 1356; x_wconf 88' lang='lat' dir='ltr'>rex</span> <span class='ocrx_word' id='word_1_37' title='bbox 539 1292 633 1358; x_wconf 86' lang='lat' dir='ltr'>duxit</span> <span class='ocrx_word' id='word_1_38' title='bbox 659 1295 855 1360; x_wconf 79' lang='lat' dir='ltr'><strong>excercitum</strong></span> <span class='ocrx_word' id='word_1_39' title='bbox 878 1319 975 1362; x_wconf 85' lang='lat' dir='ltr'>suum</span> <span class='ocrx_word' id='word_1_40' title='bbox 998 1298 1041 1362; x_wconf 92' lang='lat' dir='ltr'>ad</span> <span class='ocrx_word' id='word_1_41' title='bbox 1062 1297 1215 1363; x_wconf 80' lang='lat' dir='ltr'><strong>Tolosam</strong></span> <span class='ocrx_word' id='word_1_42' title='bbox 1237 1294 1401 1360; x_wconf 86' lang='lat' dir='ltr'>civitatem</span> <span class='ocrx_word' id='word_1_43' title='bbox 1425 1311 1522 1375; x_wconf 88' lang='lat' dir='ltr'>super</span> 
     </span>
     <span class='ocr_line' id='line_1_8' title="bbox 322 1392 1522 1484; baseline -0.001 -28"><span class='ocrx_word' id='word_1_44' title='bbox 322 1393 474 1458; x_wconf 87' lang='lat' dir='ltr'>comitem</span> <span class='ocrx_word' id='word_1_45' title='bbox 489 1394 601 1460; x_wconf 83' lang='lat' dir='ltr'><strong>Sancti</strong></span> <span class='ocrx_word' id='word_1_46' title='bbox 627 1397 746 1482; x_wconf 87' lang='lat' dir='ltr'>Egidii,</span> <span class='ocrx_word' id='word_1_47' title='bbox 772 1399 814 1464; x_wconf 88' lang='lat' dir='ltr'>ad</span> <span class='ocrx_word' id='word_1_48' title='bbox 840 1401 932 1484; x_wconf 87' lang='lat' dir='ltr'>cujus</span> <span class='ocrx_word' id='word_1_49' title='bbox 957 1400 1160 1466; x_wconf 86' lang='lat' dir='ltr'>obsidionem</span> <span class='ocrx_word' id='word_1_50' title='bbox 1185 1399 1248 1463; x_wconf 86' lang='lat' dir='ltr'>fuit</span> <span class='ocrx_word' id='word_1_51' title='bbox 1270 1421 1289 1462; x_wconf 89' lang='lat' dir='ltr'>a</span> <span class='ocrx_word' id='word_1_52' title='bbox 1311 1398 1395 1460; x_wconf 82' lang='lat' dir='ltr'>festo</span> <span class='ocrx_word' id='word_1_53' title='bbox 1418 1392 1522 1458; x_wconf 89' lang='lat' dir='ltr'>sancti</span> 
     </span>
     <span class='ocr_line' id='line_1_9' title="bbox 321 1494 1522 1583; baseline -0.001 -25"><span class='ocrx_word' id='word_1_54' title='bbox 321 1494 482 1560; x_wconf 89' lang='lat' dir='ltr'>Johannis</span> <span class='ocrx_word' id='word_1_55' title='bbox 507 1519 611 1583; x_wconf 89' lang='lat' dir='ltr'>usque</span> <span class='ocrx_word' id='word_1_56' title='bbox 635 1501 677 1564; x_wconf 89' lang='lat' dir='ltr'>ad</span> <span class='ocrx_word' id='word_1_57' title='bbox 691 1501 810 1564; x_wconf 76' lang='lat' dir='ltr'>festum</span> <span class='ocrx_word' id='word_1_58' title='bbox 826 1501 985 1566; x_wconf 89' lang='lat' dir='ltr'><strong>Omnium</strong></span> <span class='ocrx_word' id='word_1_59' title='bbox 1008 1504 1210 1567; x_wconf 86' lang='lat' dir='ltr'>Sanctorum.</span> <span class='ocrx_word' id='word_1_60' title='bbox 1256 1499 1382 1565; x_wconf 84' lang='lat' dir='ltr'>Scisma</span> <span class='ocrx_word' id='word_1_61' title='bbox 1401 1496 1473 1572; x_wconf 85' lang='lat' dir='ltr'>luit,</span> <span class='ocrx_word' id='word_1_62' title='bbox 1488 1504 1522 1558; x_wconf 90' lang='lat' dir='ltr'>et</span> 
     </span>
     <span class='ocr_line' id='line_1_10' title="bbox 321 1597 1519 1690; baseline 0.002 -30"><span class='ocrx_word' id='word_1_63' title='bbox 321 1597 386 1661; x_wconf 90' lang='lat' dir='ltr'>duo</span> <span class='ocrx_word' id='word_1_64' title='bbox 400 1599 477 1662; x_wconf 83' lang='lat' dir='ltr'>facti</span> <span class='ocrx_word' id='word_1_65' title='bbox 492 1600 670 1684; x_wconf 91' lang='lat' dir='ltr'>apostolici.</span> <span class='ocrx_word' id='word_1_66' title='bbox 715 1602 809 1667; x_wconf 85' lang='lat' dir='ltr'><strong>Obiit</strong></span> <span class='ocrx_word' id='word_1_67' title='bbox 823 1604 986 1668; x_wconf 80' lang='lat' dir='ltr'>Adrianus</span> <span class='ocrx_word' id='word_1_68' title='bbox 1006 1627 1101 1690; x_wconf 89' lang='lat' dir='ltr'>papa.</span> <span class='ocrx_word' id='word_1_69' title='bbox 1146 1603 1310 1668; x_wconf 83' lang='lat' dir='ltr'>Successit</span> <span class='ocrx_word' id='word_1_70' title='bbox 1324 1597 1519 1664; x_wconf 84' lang='lat' dir='ltr'><strong>Alexander.</strong></span> 
     </span>
    </p>

    <p class='ocr_par' dir='ltr' id='par_1_6' title="bbox 233 1697 1519 1887">
     <span class='ocr_line' id='line_1_11' title="bbox 233 1697 1519 1790; baseline -0.001 -28"><span class='ocrx_word' id='word_1_71' title='bbox 233 1717 307 1766; x_wconf 74' lang='lat' dir='ltr'>nola</span> <span class='ocrx_word' id='word_1_72' title='bbox 364 1699 538 1784; x_wconf 86' lang='lat' dir='ltr'>Templarii</span> <span class='ocrx_word' id='word_1_73' title='bbox 552 1701 763 1768; x_wconf 85' lang='lat' dir='ltr'>reddiderunt</span> <span class='ocrx_word' id='word_1_74' title='bbox 784 1706 851 1790; x_wconf 88' lang='lat' dir='ltr'>regi</span> <span class='ocrx_word' id='word_1_75' title='bbox 872 1706 1040 1770; x_wconf 90' lang='lat' dir='ltr'>castellum</span> <span class='ocrx_word' id='word_1_76' title='bbox 1065 1706 1106 1770; x_wconf 89' lang='lat' dir='ltr'>de</span> <span class='ocrx_word' id='word_1_77' title='bbox 1125 1705 1251 1770; x_wconf 87' lang='lat' dir='ltr'>Gisors.</span> <span class='ocrx_word' id='word_1_78' title='bbox 1297 1701 1407 1766; x_wconf 86' lang='lat' dir='ltr'>Marta</span> <span class='ocrx_word' id='word_1_79' title='bbox 1420 1697 1519 1763; x_wconf 85' lang='lat' dir='ltr'>abba-</span> 
     </span>
     <span class='ocr_line' id='line_1_12' title="bbox 322 1801 870 1887; baseline 0.013 -22"><span class='ocrx_word' id='word_1_80' title='bbox 322 1801 402 1866; x_wconf 85' lang='lat' dir='ltr'>tissa</span> <span class='ocrx_word' id='word_1_81' title='bbox 416 1803 529 1887; x_wconf 87' lang='lat' dir='ltr'>nupsit</span> <span class='ocrx_word' id='word_1_82' title='bbox 543 1805 654 1869; x_wconf 93' lang='lat' dir='ltr'>comiti</span> <span class='ocrx_word' id='word_1_83' title='bbox 670 1806 870 1872; x_wconf 87' lang='lat' dir='ltr'>Flandrensi.</span> 
     </span>
    </p>

    <p class='ocr_par' dir='ltr' id='par_1_7' title="bbox 221 1903 1522 2178">
     <span class='ocr_line' id='line_1_13' title="bbox 221 1903 1522 1995; baseline 0.002 -31"><span class='ocrx_word' id='word_1_84' title='bbox 221 1915 309 1965; x_wconf 70' lang='lat' dir='ltr'>Melzi.</span> <span class='ocrx_word' id='word_1_85' title='bbox 366 1903 460 1968; x_wconf 87' lang='lat' dir='ltr'>Obiit</span> <span class='ocrx_word' id='word_1_86' title='bbox 474 1905 680 1971; x_wconf 82' lang='lat' dir='ltr'>&#39;l&#39;heobaldus</span> <span class='ocrx_word' id='word_1_87' title='bbox 695 1909 967 1995; x_wconf 83' lang='lat' dir='ltr'>archiepiscopus,</span> <span class='ocrx_word' id='word_1_88' title='bbox 980 1909 1057 1974; x_wconf 88' lang='lat' dir='ltr'>xiiii.</span> <span class='ocrx_word' id='word_1_89' title='bbox 1066 1909 1130 1972; x_wconf 87' lang='lat' dir='ltr'>kal.</span> <span class='ocrx_word' id='word_1_90' title='bbox 1144 1908 1226 1973; x_wconf 91' lang='lat' dir='ltr'>Mai.</span> <span class='ocrx_word' id='word_1_91' title='bbox 1265 1906 1304 1970; x_wconf 91' lang='lat' dir='ltr'>In</span> <span class='ocrx_word' id='word_1_92' title='bbox 1318 1906 1382 1969; x_wconf 92' lang='lat' dir='ltr'>hoc</span> <span class='ocrx_word' id='word_1_93' title='bbox 1398 1903 1522 1968; x_wconf 82' lang='lat' dir='ltr'>Pascha</span> 
     </span>
     <span class='ocr_line' id='line_1_14' title="bbox 323 2007 1521 2097; baseline 0 -28"><span class='ocrx_word' id='word_1_94' title='bbox 323 2007 454 2091; x_wconf 92' lang='lat' dir='ltr'>quidam</span> <span class='ocrx_word' id='word_1_95' title='bbox 474 2029 554 2092; x_wconf 87' lang='lat' dir='ltr'>puer</span> <span class='ocrx_word' id='word_1_96' title='bbox 576 2010 749 2076; x_wconf 84' lang='lat' dir='ltr'>crucifixus</span> <span class='ocrx_word' id='word_1_97' title='bbox 772 2021 823 2077; x_wconf 87' lang='lat' dir='ltr'>est</span> <span class='ocrx_word' id='word_1_98' title='bbox 844 2012 932 2097; x_wconf 91' lang='lat' dir='ltr'>apud</span> <span class='ocrx_word' id='word_1_99' title='bbox 956 2011 1202 2077; x_wconf 87' lang='lat' dir='ltr'>Glouceatriam.</span> <span class='ocrx_word' id='word_1_100' title='bbox 1248 2008 1342 2073; x_wconf 88' lang='lat' dir='ltr'>Obiit</span> <span class='ocrx_word' id='word_1_101' title='bbox 1357 2007 1521 2071; x_wconf 86' lang='lat' dir='ltr'>Walterus</span> 
     </span>
     <span class='ocr_line' id='line_1_15' title="bbox 322 2110 598 2178; baseline 0.011 -3"><span class='ocrx_word' id='word_1_102' title='bbox 322 2110 421 2176; x_wconf 88' lang='lat' dir='ltr'>abbas</span> <span class='ocrx_word' id='word_1_103' title='bbox 437 2113 598 2178; x_wconf 87' lang='lat' dir='ltr'>Ramesie.</span> 
     </span>
    </p>

    <p class='ocr_par' dir='ltr' id='par_1_8' title="bbox 210 2211 1519 2484">
     <span class='ocr_line' id='line_1_16' title="bbox 210 2211 1518 2301; baseline -0.002 -24"><span class='ocrx_word' id='word_1_104' title='bbox 210 2211 309 2262; x_wconf 71' lang='lat' dir='ltr'>Melan.</span> <span class='ocrx_word' id='word_1_105' title='bbox 364 2213 506 2278; x_wconf 77' lang='lat' dir='ltr'>Thomas</span> <span class='ocrx_word' id='word_1_106' title='bbox 531 2216 739 2281; x_wconf 88' lang='lat' dir='ltr'>cancellarius</span> <span class='ocrx_word' id='word_1_107' title='bbox 761 2218 929 2282; x_wconf 88' lang='lat' dir='ltr'>ordinatus</span> <span class='ocrx_word' id='word_1_108' title='bbox 952 2217 1051 2282; x_wconf 91' lang='lat' dir='ltr'>estin</span> <span class='ocrx_word' id='word_1_109' title='bbox 1069 2215 1358 2301; x_wconf 88' lang='lat' dir='ltr'>archiepiscopum,</span> <span class='ocrx_word' id='word_1_110' title='bbox 1380 2213 1423 2276; x_wconf 93' lang='lat' dir='ltr'>iii.</span> <span class='ocrx_word' id='word_1_111' title='bbox 1441 2234 1518 2276; x_wconf 90' lang='lat' dir='ltr'>non.</span> 
     </span>
     <span class='ocr_line' id='line_1_17' title="bbox 321 2313 1519 2398; baseline -0.003 -20"><span class='ocrx_word' id='word_1_112' title='bbox 321 2313 476 2379; x_wconf 87' lang='lat' dir='ltr'>Januarii.</span> <span class='ocrx_word' id='word_1_113' title='bbox 521 2315 616 2382; x_wconf 87' lang='lat' dir='ltr'>Obiit</span> <span class='ocrx_word' id='word_1_114' title='bbox 638 2317 813 2384; x_wconf 86' lang='lat' dir='ltr'>Badwinus</span> <span class='ocrx_word' id='word_1_115' title='bbox 836 2341 892 2384; x_wconf 87' lang='lat' dir='ltr'>rex</span> <span class='ocrx_word' id='word_1_116' title='bbox 911 2319 1103 2384; x_wconf 82' lang='lat' dir='ltr'>Jerusalem.</span> <span class='ocrx_word' id='word_1_117' title='bbox 1148 2315 1312 2382; x_wconf 84' lang='lat' dir='ltr'>Successit</span> <span class='ocrx_word' id='word_1_118' title='bbox 1331 2314 1429 2377; x_wconf 80' lang='lat' dir='ltr'>irater</span> <span class='ocrx_word' id='word_1_119' title='bbox 1448 2313 1519 2398; x_wconf 88' lang='lat' dir='ltr'>ejus</span> 
     </span>
     <span class='ocr_line' id='line_1_18' title="bbox 321 2419 513 2484; baseline 0.01 -2"><span class='ocrx_word' id='word_1_120' title='bbox 321 2419 513 2484; x_wconf 85' lang='lat' dir='ltr'>Amalricus.</span> 
     </span>
    </p>

    <p class='ocr_par' dir='ltr' id='par_1_9' title="bbox 199 2519 1520 2819">
     <span class='ocr_line' id='line_1_19' title="bbox 199 2519 1518 2607; baseline -0.002 -21"><span class='ocrx_word' id='word_1_121' title='bbox 199 2524 307 2574; x_wconf 74' lang='lat' dir='ltr'>notun.</span> <span class='ocrx_word' id='word_1_122' title='bbox 366 2522 430 2588; x_wconf 91' lang='lat' dir='ltr'>Hic</span> <span class='ocrx_word' id='word_1_123' title='bbox 445 2545 501 2587; x_wconf 81' lang='lat' dir='ltr'>rex</span> <span class='ocrx_word' id='word_1_124' title='bbox 516 2546 535 2587; x_wconf 88' lang='lat' dir='ltr'>a</span> <span class='ocrx_word' id='word_1_125' title='bbox 550 2524 752 2590; x_wconf 88' lang='lat' dir='ltr'>Normannia</span> <span class='ocrx_word' id='word_1_126' title='bbox 765 2548 914 2592; x_wconf 86' lang='lat' dir='ltr'>reversus</span> <span class='ocrx_word' id='word_1_127' title='bbox 930 2525 1010 2591; x_wconf 91' lang='lat' dir='ltr'>abiit</span> <span class='ocrx_word' id='word_1_128' title='bbox 1023 2526 1057 2590; x_wconf 92' lang='lat' dir='ltr'>in</span> <span class='ocrx_word' id='word_1_129' title='bbox 1073 2523 1236 2601; x_wconf 86' lang='lat' dir='ltr'>Walliam,</span> <span class='ocrx_word' id='word_1_130' title='bbox 1248 2531 1281 2586; x_wconf 89' lang='lat' dir='ltr'>et</span> <span class='ocrx_word' id='word_1_131' title='bbox 1295 2531 1410 2607; x_wconf 91' lang='lat' dir='ltr'>postea</span> <span class='ocrx_word' id='word_1_132' title='bbox 1426 2519 1518 2584; x_wconf 90' lang='lat' dir='ltr'>Hen-</span> 
     </span>
     <span class='ocr_line' id='line_1_20' title="bbox 320 2623 1520 2711; baseline -0.002 -23"><span class='ocrx_word' id='word_1_133' title='bbox 320 2625 406 2690; x_wconf 91' lang='lat' dir='ltr'>ricus</span> <span class='ocrx_word' id='word_1_134' title='bbox 429 2625 469 2690; x_wconf 92' lang='lat' dir='ltr'>de</span> <span class='ocrx_word' id='word_1_135' title='bbox 493 2627 600 2692; x_wconf 87' lang='lat' dir='ltr'>Esexe</span> <span class='ocrx_word' id='word_1_136' title='bbox 623 2627 729 2692; x_wconf 88' lang='lat' dir='ltr'>victus</span> <span class='ocrx_word' id='word_1_137' title='bbox 754 2629 789 2692; x_wconf 90' lang='lat' dir='ltr'>in</span> <span class='ocrx_word' id='word_1_138' title='bbox 812 2629 909 2709; x_wconf 90' lang='lat' dir='ltr'>bello,</span> <span class='ocrx_word' id='word_1_139' title='bbox 935 2630 1040 2694; x_wconf 84' lang='lat' dir='ltr'>factus</span> <span class='ocrx_word' id='word_1_140' title='bbox 1066 2639 1117 2693; x_wconf 90' lang='lat' dir='ltr'>est</span> <span class='ocrx_word' id='word_1_141' title='bbox 1141 2626 1320 2691; x_wconf 91' lang='lat' dir='ltr'>monachus</span> <span class='ocrx_word' id='word_1_142' title='bbox 1344 2623 1432 2711; x_wconf 89' lang='lat' dir='ltr'>apud</span> <span class='ocrx_word' id='word_1_143' title='bbox 1455 2623 1520 2687; x_wconf 90' lang='lat' dir='ltr'>Re-</span> 
     </span>
     <span class='ocr_line' id='line_1_21' title="bbox 321 2728 1304 2819; baseline 0.002 -27"><span class='ocrx_word' id='word_1_144' title='bbox 321 2728 468 2814; x_wconf 86' lang='lat' dir='ltr'>dinghes.</span> <span class='ocrx_word' id='word_1_145' title='bbox 514 2731 591 2796; x_wconf 90' lang='lat' dir='ltr'>Hoc</span> <span class='ocrx_word' id='word_1_146' title='bbox 605 2753 691 2796; x_wconf 90' lang='lat' dir='ltr'>anno</span> <span class='ocrx_word' id='word_1_147' title='bbox 706 2733 769 2796; x_wconf 85' lang='lat' dir='ltr'>luit</span> <span class='ocrx_word' id='word_1_148' title='bbox 783 2755 936 2819; x_wconf 84' lang='lat' dir='ltr'>magnum</span> <span class='ocrx_word' id='word_1_149' title='bbox 953 2731 1136 2798; x_wconf 87' lang='lat' dir='ltr'>Concilium</span> <span class='ocrx_word' id='word_1_150' title='bbox 1150 2729 1304 2794; x_wconf 85' lang='lat' dir='ltr'>Turonis.</span> 
     </span>
    </p>

    <p class='ocr_par' dir='ltr' id='par_1_10' title="bbox 191 2829 1521 3125">
     <span class='ocr_line' id='line_1_22' title="bbox 191 2829 1521 2922; baseline -0.002 -28"><span class='ocrx_word' id='word_1_151' title='bbox 191 2844 307 2894; x_wconf 71' lang='lat' dir='ltr'>Matrini.</span> <span class='ocrx_word' id='word_1_152' title='bbox 366 2832 431 2897; x_wconf 92' lang='lat' dir='ltr'>Hic</span> <span class='ocrx_word' id='word_1_153' title='bbox 445 2833 588 2898; x_wconf 82' lang='lat' dir='ltr'>Thomas</span> <span class='ocrx_word' id='word_1_154' title='bbox 603 2835 863 2922; x_wconf 88' lang='lat' dir='ltr'>archiepiscopus</span> <span class='ocrx_word' id='word_1_155' title='bbox 885 2836 920 2899; x_wconf 92' lang='lat' dir='ltr'>in</span> <span class='ocrx_word' id='word_1_156' title='bbox 941 2835 1073 2900; x_wconf 85' lang='lat' dir='ltr'>exilium</span> <span class='ocrx_word' id='word_1_157' title='bbox 1090 2833 1208 2897; x_wconf 92' lang='lat' dir='ltr'>missus</span> <span class='ocrx_word' id='word_1_158' title='bbox 1223 2841 1284 2896; x_wconf 88' lang='lat' dir='ltr'>est.</span> <span class='ocrx_word' id='word_1_159' title='bbox 1329 2829 1424 2895; x_wconf 91' lang='lat' dir='ltr'>Obiit</span> <span class='ocrx_word' id='word_1_160' title='bbox 1437 2829 1521 2892; x_wconf 91' lang='lat' dir='ltr'>Wil-</span> 
     </span>
     <span class='ocr_line' id='line_1_23' title="bbox 320 2933 1519 3024; baseline -0.003 -25"><span class='ocrx_word' id='word_1_161' title='bbox 320 2935 436 3000; x_wconf 87' lang='lat' dir='ltr'>lelmus</span> <span class='ocrx_word' id='word_1_162' title='bbox 451 2938 548 3003; x_wconf 79' lang='lat' dir='ltr'>frater</span> <span class='ocrx_word' id='word_1_163' title='bbox 562 2938 657 3024; x_wconf 85' lang='lat' dir='ltr'>regis.</span> <span class='ocrx_word' id='word_1_164' title='bbox 699 2937 883 3003; x_wconf 80' lang='lat' dir='ltr'>Alexander</span> <span class='ocrx_word' id='word_1_165' title='bbox 907 2961 990 3024; x_wconf 91' lang='lat' dir='ltr'>papa</span> <span class='ocrx_word' id='word_1_166' title='bbox 1013 2936 1155 3003; x_wconf 86' lang='lat' dir='ltr'>celebrat</span> <span class='ocrx_word' id='word_1_167' title='bbox 1172 2935 1357 3001; x_wconf 87' lang='lat' dir='ltr'>Concilium</span> <span class='ocrx_word' id='word_1_168' title='bbox 1379 2933 1519 2998; x_wconf 84' lang='lat' dir='ltr'>Tumni-</span> 
     </span>
     <span class='ocr_line' id='line_1_24' title="bbox 322 3039 1011 3125; baseline 0.006 -23"><span class='ocrx_word' id='word_1_169' title='bbox 322 3058 407 3102; x_wconf 90' lang='lat' dir='ltr'>cum.</span> <span class='ocrx_word' id='word_1_170' title='bbox 453 3039 622 3125; x_wconf 87' lang='lat' dir='ltr'>Philippus</span> <span class='ocrx_word' id='word_1_171' title='bbox 637 3063 694 3106; x_wconf 84' lang='lat' dir='ltr'>rex</span> <span class='ocrx_word' id='word_1_172' title='bbox 709 3041 843 3108; x_wconf 74' lang='lat' dir='ltr'>lhancie</span> <span class='ocrx_word' id='word_1_173' title='bbox 857 3041 1011 3106; x_wconf 89' lang='lat' dir='ltr'>nascitur.</span> 
     </span>
    </p>

    <p class='ocr_par' dir='ltr' id='par_1_11' title="bbox 216 3137 833 3205">
     <span class='ocr_line' id='line_1_25' title="bbox 216 3137 833 3205; baseline 0 -3"><span class='ocrx_word' id='word_1_174' title='bbox 216 3137 309 3188; x_wconf 73' lang='lat' dir='ltr'>Maur.</span> <span class='ocrx_word' id='word_1_175' title='bbox 367 3138 433 3202; x_wconf 90' lang='lat' dir='ltr'>Hic</span> <span class='ocrx_word' id='word_1_176' title='bbox 447 3147 641 3205; x_wconf 84' lang='lat' dir='ltr'>terremotus</span> <span class='ocrx_word' id='word_1_177' title='bbox 656 3140 761 3205; x_wconf 86' lang='lat' dir='ltr'>factus</span> <span class='ocrx_word' id='word_1_178' title='bbox 773 3151 833 3205; x_wconf 89' lang='lat' dir='ltr'>est.</span> 
     </span>
    </p>

    <p class='ocr_par' dir='ltr' id='par_1_12' title="bbox 204 3235 1521 3427">
     <span class='ocr_line' id='line_1_26' title="bbox 204 3235 1521 3326; baseline -0.004 -22"><span class='ocrx_word' id='word_1_179' title='bbox 204 3245 308 3294; x_wconf 71' lang='lat' dir='ltr'>nnnnn</span> <span class='ocrx_word' id='word_1_180' title='bbox 367 3239 443 3304; x_wconf 91' lang='lat' dir='ltr'>Hoc</span> <span class='ocrx_word' id='word_1_181' title='bbox 457 3260 542 3304; x_wconf 88' lang='lat' dir='ltr'>anno</span> <span class='ocrx_word' id='word_1_182' title='bbox 556 3239 705 3304; x_wconf 87' lang='lat' dir='ltr'>homines</span> <span class='ocrx_word' id='word_1_183' title='bbox 719 3241 809 3325; x_wconf 86' lang='lat' dir='ltr'>regni</span> <span class='ocrx_word' id='word_1_184' title='bbox 820 3241 929 3326; x_wconf 86' lang='lat' dir='ltr'>jurare</span> <span class='ocrx_word' id='word_1_185' title='bbox 943 3241 1045 3306; x_wconf 90' lang='lat' dir='ltr'>coacti</span> <span class='ocrx_word' id='word_1_186' title='bbox 1061 3250 1148 3321; x_wconf 90' lang='lat' dir='ltr'>sunt,</span> <span class='ocrx_word' id='word_1_187' title='bbox 1164 3249 1203 3305; x_wconf 91' lang='lat' dir='ltr'>ut</span> <span class='ocrx_word' id='word_1_188' title='bbox 1217 3237 1258 3306; x_wconf 91' lang='lat' dir='ltr'>de</span> <span class='ocrx_word' id='word_1_189' title='bbox 1281 3238 1348 3303; x_wconf 91' lang='lat' dir='ltr'>suis</span> <span class='ocrx_word' id='word_1_190' title='bbox 1363 3235 1521 3324; x_wconf 89' lang='lat' dir='ltr'>pecuniis,</span> 
     </span>
     <span class='ocr_line' id='line_1_27' title="bbox 323 3339 1389 3427; baseline 0.002 -21"><span class='ocrx_word' id='word_1_191' title='bbox 323 3339 497 3406; x_wconf 79' lang='lat' dir='ltr'>mohihbua</span> <span class='ocrx_word' id='word_1_192' title='bbox 512 3349 546 3404; x_wconf 94' lang='lat' dir='ltr'>et</span> <span class='ocrx_word' id='word_1_193' title='bbox 559 3339 793 3422; x_wconf 89' lang='lat' dir='ltr'>immobilibus,</span> <span class='ocrx_word' id='word_1_194' title='bbox 808 3341 848 3408; x_wconf 90' lang='lat' dir='ltr'>de</span> <span class='ocrx_word' id='word_1_195' title='bbox 859 3341 941 3407; x_wconf 88' lang='lat' dir='ltr'>libra</span> <span class='ocrx_word' id='word_1_196' title='bbox 951 3341 1139 3427; x_wconf 84' lang='lat' dir='ltr'>persolvant</span> <span class='ocrx_word' id='word_1_197' title='bbox 1154 3389 1163 3410; x_wconf 89' lang='lat'><em>.</em></span> <span class='ocrx_word' id='word_1_198' title='bbox 1180 3389 1189 3408; x_wconf 86' lang='lat'><strong>.</strong></span> <span class='ocrx_word' id='word_1_199' title='bbox 1205 3387 1213 3408; x_wconf 89' lang='lat'><strong>.</strong></span> <span class='ocrx_word' id='word_1_200' title='bbox 1230 3339 1389 3408; x_wconf 82' lang='lat' dir='ltr'>denarios.</span> 
     </span>
    </p>

    <p class='ocr_par' dir='ltr' id='par_1_13' title="bbox 196 3441 960 3526">
     <span class='ocr_line' id='line_1_28' title="bbox 196 3441 960 3526; baseline 0.007 -21"><span class='ocrx_word' id='word_1_201' title='bbox 196 3449 308 3499; x_wconf 75' lang='lat' dir='ltr'>Melxvii·</span> <span class='ocrx_word' id='word_1_202' title='bbox 367 3441 560 3526; x_wconf 82' lang='lat' dir='ltr'>Imperatrix</span> <span class='ocrx_word' id='word_1_203' title='bbox 574 3451 678 3508; x_wconf 86' lang='lat' dir='ltr'>mater</span> <span class='ocrx_word' id='word_1_204' title='bbox 692 3443 851 3510; x_wconf 84' lang='lat' dir='ltr'>Hendrici</span> <span class='ocrx_word' id='word_1_205' title='bbox 866 3442 960 3510; x_wconf 86' lang='lat' dir='ltr'>obiit.</span> 
     </span>
    </p>

    <p class='ocr_par' dir='ltr' id='par_1_14' title="bbox 185 3543 1399 3631">
     <span class='ocr_line' id='line_1_29' title="bbox 185 3543 1399 3631; baseline 0.004 -26"><span class='ocrx_word' id='word_1_206' title='bbox 185 3556 307 3605; x_wconf 78' lang='lat' dir='ltr'>nelxvua</span> <span class='ocrx_word' id='word_1_207' title='bbox 366 3544 432 3609; x_wconf 90' lang='lat' dir='ltr'>Hic</span> <span class='ocrx_word' id='word_1_208' title='bbox 445 3543 534 3623; x_wconf 89' lang='lat' dir='ltr'>luna,</span> <span class='ocrx_word' id='word_1_209' title='bbox 548 3544 667 3608; x_wconf 85' lang='lat' dir='ltr'>amissa</span> <span class='ocrx_word' id='word_1_210' title='bbox 687 3566 746 3610; x_wconf 88' lang='lat' dir='ltr'>sua</span> <span class='ocrx_word' id='word_1_211' title='bbox 766 3545 849 3625; x_wconf 91' lang='lat' dir='ltr'>luce,</span> <span class='ocrx_word' id='word_1_212' title='bbox 869 3545 1046 3631; x_wconf 73' lang='lat' dir='ltr'>sangriineo</span> <span class='ocrx_word' id='word_1_213' title='bbox 1061 3544 1178 3614; x_wconf 86' lang='lat' dir='ltr'>rubore</span> <span class='ocrx_word' id='word_1_214' title='bbox 1191 3545 1323 3630; x_wconf 82' lang='lat' dir='ltr'>perlusa</span> <span class='ocrx_word' id='word_1_215' title='bbox 1337 3553 1399 3610; x_wconf 91' lang='lat' dir='ltr'>est.</span> 
     </span>
    </p>

    <p class='ocr_par' dir='ltr' id='par_1_15' title="bbox 200 3646 1545 3733">
     <span class='ocr_line' id='line_1_30' title="bbox 200 3646 1545 3733; baseline 0.001 -23"><span class='ocrx_word' id='word_1_216' title='bbox 200 3661 306 3710; x_wconf 71' lang='lat' dir='ltr'>natrix.</span> <span class='ocrx_word' id='word_1_217' title='bbox 366 3647 432 3712; x_wconf 90' lang='lat' dir='ltr'>Hic</span> <span class='ocrx_word' id='word_1_218' title='bbox 446 3647 523 3712; x_wconf 87' lang='lat' dir='ltr'>fecit</span> <span class='ocrx_word' id='word_1_219' title='bbox 546 3646 708 3712; x_wconf 87' lang='lat' dir='ltr'>Henricus</span> <span class='ocrx_word' id='word_1_220' title='bbox 734 3669 792 3714; x_wconf 83' lang='lat' dir='ltr'>rex</span> <span class='ocrx_word' id='word_1_221' title='bbox 814 3670 967 3714; x_wconf 88' lang='lat' dir='ltr'>coronare</span> <span class='ocrx_word' id='word_1_222' title='bbox 982 3648 1086 3714; x_wconf 91' lang='lat' dir='ltr'>filium</span> <span class='ocrx_word' id='word_1_223' title='bbox 1105 3671 1202 3714; x_wconf 88' lang='lat' dir='ltr'>suum</span> <span class='ocrx_word' id='word_1_224' title='bbox 1221 3647 1262 3714; x_wconf 87' lang='lat' dir='ltr'>ab</span> <span class='ocrx_word' id='word_1_225' title='bbox 1277 3647 1518 3733; x_wconf 88' lang='lat' dir='ltr'>archiepiscopo</span> <span class='ocrx_word' id='word_1_226' title='bbox 1541 3693 1545 3700; x_wconf 83' lang='lat'><em>-</em></span> 
     </span>
    </p>

    <p class='ocr_par' dir='ltr' id='par_1_16' title="bbox 121 3739 480 3815">
     <span class='ocr_line' id='line_1_31' title="bbox 121 3739 480 3815; baseline 0 -1"><span class='ocrx_word' id='word_1_227' title='bbox 121 3741 186 3808; x_wconf 64' lang='lat' dir='ltr'>W·</span> <span class='ocrx_word' id='word_1_228' title='bbox 199 3742 250 3790; x_wconf 55' lang='grc' dir='ltr'>ω·</span> <span class='ocrx_word' id='word_1_229' title='bbox 262 3739 308 3805; x_wconf 77' lang='grc'>”’·)</span> <span class='ocrx_word' id='word_1_230' title='bbox 322 3749 480 3815; x_wconf 84' lang='lat' dir='ltr'>Eborum.</span> 
     </span>
    </p>
   </div>
   <div class='ocr_carea' id='block_1_6' title="bbox 104 3849 1520 3963">
    <p class='ocr_par' dir='ltr' id='par_1_17' title="bbox 104 3849 1520 3963">
     <span class='ocr_line' id='line_1_32' title="bbox 104 3849 1520 3963; baseline -0.011 -36"><span class='ocrx_word' id='word_1_231' title='bbox 104 3849 308 3963; x_wconf 50' lang='lat' dir='ltr'>Pmioffifl·</span> <span class='ocrx_word' id='word_1_232' title='bbox 366 3853 486 3917; x_wconf 85' lang='lat' dir='ltr'>Passus</span> <span class='ocrx_word' id='word_1_233' title='bbox 501 3861 553 3916; x_wconf 91' lang='lat' dir='ltr'>est</span> <span class='ocrx_word' id='word_1_234' title='bbox 575 3861 706 3918; x_wconf 89' lang='lat' dir='ltr'>sanctus</span> <span class='ocrx_word' id='word_1_235' title='bbox 718 3852 861 3918; x_wconf 68' lang='lat' dir='ltr'>ihomas</span> <span class='ocrx_word' id='word_1_236' title='bbox 885 3852 948 3918; x_wconf 87' lang='lat' dir='ltr'>iiii⁰</span> <span class='ocrx_word' id='word_1_237' title='bbox 966 3853 1030 3920; x_wconf 87' lang='lat' dir='ltr'>kal.</span> <span class='ocrx_word' id='word_1_238' title='bbox 1045 3854 1204 3934; x_wconf 86' lang='lat' dir='ltr'>Januarii,</span> <span class='ocrx_word' id='word_1_239' title='bbox 1223 3853 1301 3918; x_wconf 85' lang='lat' dir='ltr'>laria</span> <span class='ocrx_word' id='word_1_240' title='bbox 1320 3853 1425 3933; x_wconf 88' lang='lat' dir='ltr'>tertia,</span> <span class='ocrx_word' id='word_1_241' title='bbox 1439 3853 1520 3916; x_wconf 91' lang='lat' dir='ltr'>hora</span> 
     </span>
    </p>
   </div>
   <div class='ocr_carea' id='block_1_7' title="bbox 103 3955 1523 4146">
    <p class='ocr_par' dir='ltr' id='par_1_18' title="bbox 103 3955 1523 4146">
     <span class='ocr_line' id='line_1_33' title="bbox 103 3955 609 4041; baseline 0.014 -30"><span class='ocrx_word' id='word_1_242' title='bbox 103 3979 310 4028; x_wconf 57' lang='lat' dir='ltr'>mmmm</span> <span class='ocrx_word' id='word_1_243' title='bbox 323 3956 414 4041; x_wconf 88' lang='lat' dir='ltr'>quasi</span> <span class='ocrx_word' id='word_1_244' title='bbox 428 3955 609 4020; x_wconf 87' lang='lat' dir='ltr'>undecima.</span> 
     </span>
     <span class='ocr_line' id='line_1_34' title="bbox 203 4059 1523 4146; baseline 0.011 -37"><span class='ocrx_word' id='word_1_245' title='bbox 203 4061 309 4110; x_wconf 74' lang='lat' dir='ltr'>Molui-</span> <span class='ocrx_word' id='word_1_246' title='bbox 368 4059 444 4126; x_wconf 89' lang='lat' dir='ltr'>Hoc</span> <span class='ocrx_word' id='word_1_247' title='bbox 466 4081 552 4124; x_wconf 86' lang='lat' dir='ltr'>anno</span> <span class='ocrx_word' id='word_1_248' title='bbox 571 4059 607 4124; x_wconf 91' lang='lat' dir='ltr'>in</span> <span class='ocrx_word' id='word_1_249' title='bbox 630 4069 726 4128; x_wconf 90' lang='lat' dir='ltr'>nocte</span> <span class='ocrx_word' id='word_1_250' title='bbox 749 4070 783 4128; x_wconf 90' lang='lat' dir='ltr'>et</span> <span class='ocrx_word' id='word_1_251' title='bbox 803 4060 855 4128; x_wconf 90' lang='lat' dir='ltr'>die</span> <span class='ocrx_word' id='word_1_252' title='bbox 879 4060 995 4128; x_wconf 83' lang='lat' dir='ltr'>natalis</span> <span class='ocrx_word' id='word_1_253' title='bbox 1015 4061 1150 4128; x_wconf 90' lang='lat' dir='ltr'>Domini</span> <span class='ocrx_word' id='word_1_254' title='bbox 1174 4060 1317 4127; x_wconf 88' lang='lat' dir='ltr'>tonitrua</span> <span class='ocrx_word' id='word_1_255' title='bbox 1342 4069 1376 4125; x_wconf 89' lang='lat' dir='ltr'>et</span> <span class='ocrx_word' id='word_1_256' title='bbox 1396 4059 1523 4146; x_wconf 82' lang='lat' dir='ltr'>fulgura</span> 
     </span>
    </p>
   </div>
   <div class='ocr_carea' id='block_1_8' title="bbox 325 4163 666 4248">
    <p class='ocr_par' dir='ltr' id='par_1_19' title="bbox 325 4163 666 4248">
     <span class='ocr_line' id='line_1_35' title="bbox 325 4163 666 4248; baseline 0.012 -20"><span class='ocrx_word' id='word_1_257' title='bbox 325 4163 441 4248; x_wconf 68' lang='lat' dir='ltr'>magala</span> <span class='ocrx_word' id='word_1_258' title='bbox 455 4163 565 4230; x_wconf 85' lang='lat' dir='ltr'>audita</span> <span class='ocrx_word' id='word_1_259' title='bbox 579 4173 666 4232; x_wconf 86' lang='lat' dir='ltr'>sunt.</span> 
     </span>
    </p>
   </div>
   <div class='ocr_carea' id='block_1_9' title="bbox 0 0 1910 5030">
    <p class='ocr_par' dir='ltr' id='par_1_20' title="bbox 0 0 1910 5030">
     <span class='ocr_line' id='line_1_36' title="bbox 0 0 1910 5030; baseline 0 3"><span class='ocrx_word' id='word_1_260' title='bbox 0 0 1910 5030; x_wconf 95' lang='lat' dir='ltr'> </span> 
     </span>
    </p>
   </div>
  </div>
 </body>
</html>
