3894 5024
402 589 469 673 148'
719 624 934 671 canourcon
951 623 1280 670 rnrnosuaonnsu.

402 779 520 843 Russel
548 777 700 856 militum,
726 777 850 841 domini
878 775 1036 842 Willelmi
1062 775 1102 841 de
1129 774 1330 841 Wodeforda
1354 782 1434 840 tune
1464 773 1604 840 Sacriste

403 881 514 966 Burgi,
530 889 564 946 et
580 880 717 944 aliorum
733 879 923 944 multorum.

186 1069 388 1132 (souma.)
426 1121 429 1128 ,
905 1052 1101 1118 Bonnam.

445 1191 543 1255 Anno
559 1187 695 1253 Domini
718 1188 858 1253 M⁰.c⁰o⁰.
874 1187 1095 1271 Nonagesimo
1115 1187 1233 1271 primo,
1253 1193 1317 1251 κγ’.
1332 1184 1486 1252 kalendas
1502 1184 1525 1250 J
1526 1184 1607 1263 unii,

403 1289 485 1356 obiit
498 1290 668 1356 ‚Iohannes
683 1288 816 1367 Fauvel,
826 1287 913 1352 filius
929 1298 962 1353 et
977 1289 1071 1354 heres
1083 1288 1207 1354 domini
1217 1288 1240 1354 J
1242 1287 1380 1353 ohannis
1391 1287 1522 1364 Fauvel,
1535 1287 1606 1352 sine

404 1394 534 1468 herede,
548 1401 583 1458 et
597 1393 744 1478 sepultus
768 1399 819 1457 est
843 1391 879 1454 in
894 1390 1029 1456 ecclesia
1044 1391 1156 1456 Sancti
1183 1391 1271 1455 Petri
1294 1391 1335 1455 de
1359 1390 1480 1474 Burgo.
1525 1389 1607 1454 Post

406 1497 499 1582 cujus
514 1505 653 1561 mortem
669 1494 837 1560 descendit
850 1495 1012 1559 hereditas
1037 1495 1128 1559 fratri
1143 1516 1202 1558 suo
1220 1494 1355 1579 Hugoni
1379 1493 1447 1558 filio
1469 1493 1606 1577 predicti

185 1622 331 1682 riomsgium
408 1599 532 1664 domini
546 1598 708 1664 Johannis
724 1597 857 1663 Fauvel.
901 1597 970 1662 Iste
987 1597 1086 1682 Hugo
1100 1596 1266 1682 predictus
1280 1596 1358 1661 fecit
1370 1595 1557 1680 homagium
1573 1603 1606 1657 et

185 1686 396 1748 ³⁰⁸⁰¹¹l⁸¹²⁸¹¹lel
408 1701 596 1766 fidelitatem
612 1700 745 1765 domino
771 1698 909 1766 Ricardo
925 1699 966 1764 de
981 1698 1161 1764 Londoniis
1184 1698 1307 1764 Abbati
1321 1698 1362 1764 de
1384 1698 1505 1782 Burgo,
1521 1717 1606 1760 anno

188 1922 277 1972 vador.

408 1802 532 1867 domini
547 1803 743 1886 supradicto,
759 1803 810 1866 die
833 1800 944 1866 Sancti
959 1801 1108 1866 Barnabe
1121 1802 1271 1892 apostoli,
1286 1801 1374 1886 apud
1387 1800 1608 1884 Wermingto·

408 1926 495 1982 nam,
506 1923 565 1987 pro
580 1913 768 1968 tenemento
784 1904 871 1988 quod
886 1905 927 1968 de
941 1903 1014 1987 ipso
1029 1912 1120 1968 tenet
1129 1904 1163 1968 in
1174 1904 1343 1970 Walecote
1358 1913 1393 1967 et
1408 1902 1562 1986 Suthorp,
1572 1901 1607 1964 in

407 2003 574 2089 presencia
587 2003 745 2068 Willelmi
760 2005 801 2069 de
812 2004 993 2069 Wodeford
1007 2014 1087 2071 tunc
1102 2006 1234 2072 sacriste
1259 2005 1372 2091 Burgi,
1397 2015 1431 2070 et
1445 2004 1468 2069 J
1469 2003 1608 2069 ohannis

407 2105 447 2169 de
472 2103 634 2191 Cambrey
658 2107 814 2172 Custodia
838 2117 916 2171 tunc
939 2107 1168 2189 maneriorum,
1194 2108 1339 2194 magistri
1363 2107 1498 2172 Robcrti
1528 2117 1608 2171 tuno

407 2207 574 2272 senescalli
589 2208 702 2293 Burgi,
718 2207 857 2274 Gallridi
871 2208 912 2274 de
927 2209 958 2273 la
974 2207 1079 2290 Mare,
1094 2220 1129 2276 et
1143 2213 1289 2276 aliorum.

450 2312 549 2376 Anno
564 2311 700 2377 Domini
716 2313 856 2377 M⁰.c⁰o⁰.
881 2313 1092 2398 nonagesimo
1112 2315 1230 2400 primo,
1245 2313 1298 2380 die
1320 2322 1507 2379 sanctorum
1524 2313 1608 2377 Ger-

407 2415 488 2478 vasii
500 2425 534 2479 et
545 2415 717 2496 Prothasii,
732 2417 819 2501 apud
829 2415 1072 2502 Keteringgam,
1084 2417 1248 2483 Robcrtus
1263 2418 1381 2483 Basset
1395 2418 1436 2483 de
1450 2416 1609 2503 Bystona,

213 2531 227 2562 ⁰
277 2515 289 2592 J
409 2516 494 2581 filius
524 2527 558 2583 et
585 2519 679 2584 heres
710 2517 845 2583 Robcrti
871 2518 998 2598 Besset,
1027 2520 1104 2584 fecit
1131 2521 1319 2606 homagium
1356 2529 1390 2585 et
1418 2519 1607 2584 fidelitatem

410 2619 543 2684 domino
558 2619 697 2685 Ricardo
712 2621 752 2685 de
767 2621 949 2686 Londoniis
963 2620 1085 2685 Abbati
1106 2622 1208 2707 Burgi
1232 2645 1292 2706 pro
1318 2631 1505 2687 tenemento
1521 2623 1607 2706 quod

251 2709 270 2756 ἱ·
296 2724 335 2756 ¹¹⁸·
409 2721 450 2784 de
471 2721 544 2804 ipso
570 2729 661 2785 tenet
684 2721 719 2784 in
744 2721 954 2804 leinburgo,
979 2721 1012 2786 in
1043 2724 1210 2808 presencia
1235 2723 1379 2809 magistri
1403 2723 1538 2788 Robcrti
1567 2724 1609 2789 de

408 2821 571 2904 Soeffeud,
591 2832 671 2888 tunc
698 2823 873 2889 Senescalli
899 2825 1011 2910 Burgi,
1027 2825 1233 2890 dominorum
1260 2825 1423 2892 Johannis
1447 2826 1488 2889 de
1512 2826 1610 2889 Cam·

406 2923 486 3010 brey
504 2933 538 2989 et
563 2925 636 2990 Ade
662 2925 703 2990 de
730 2925 903 3011 Clipstona
928 2927 1173 3009 monachorum,
1200 2939 1234 2994 et
1259 2929 1396 2994 aliorum
1420 2927 1607 2993 multorum.

408 3027 502 3091 Istud
516 3028 649 3093 feodum
664 3037 715 3094 est
729 3029 861 3094 feodum
876 3030 1012 3095 Avenel.

449 3131 548 3195 Anno
578 3131 716 3197 M⁰.e⁰c⁰.
747 3132 967 3218 Nonagesimo
997 3134 1113 3219 primo,
1138 3134 1190 3200 die
1206 3135 1361 3201 Mercurii
1391 3146 1466 3202 ante
1487 3137 1608 3200 festum

408 3232 643 3317 Apostolorum
660 3234 747 3298 Petri
761 3243 795 3298 et
810 3235 913 3315 Pauli,
928 3235 1010 3299 obiit
1033 3235 1133 3320 Hugo
1148 3236 1270 3300 Fauvel
1295 3238 1500 3322 supradictus
1522 3238 1608 3302 filius

410 3336 533 3400 domini
548 3335 710 3400 Johannis
726 3337 848 3402 Fauvel
872 3337 942 3402 sine
967 3337 1085 3401 herede
1111 3339 1151 3402 de
1167 3361 1211 3404 se.
1257 3341 1339 3405 Post
1353 3343 1446 3426 cujus
1470 3352 1608 3405 mortem

233 3465 280 3500 eo.
411 3437 571 3502 hereditas
601 3438 769 3503 descendit
798 3439 888 3503 fratri
915 3461 975 3504 suo
1004 3439 1181 3521 Willelmo,
1210 3441 1303 3526 cujus
1332 3442 1472 3504 wordum
1502 3441 1608 3503 dictus

412 3539 569 3604 Ricardus
584 3539 683 3604 abbas
698 3541 846 3606 vendidit
860 3542 992 3606 domina
1005 3542 1097 3622 Fine,
1107 3543 1202 3606 matri
1217 3565 1286 3621 sue,
1301 3543 1457 3606 solvendo
1473 3541 1608 3624 singulis

409 3639 503 3703 annis
518 3649 682 3704 extentam
702 3641 789 3705 illius
803 3644 919 3707 warde.
954 3643 1163 3728 Maritagium
1191 3665 1269 3709 vero
1295 3641 1440 3727 ejusdem
1464 3642 1608 3727 predicte

409 3739 540 3818 domine
555 3741 636 3805 Fine
651 3741 797 3806 vendidit
811 3765 871 3828 pro
886 3745 1026 3829 trigintis
1041 3745 1130 3810 libris
1146 3746 1380 3831 sterlingorum.

452 3843 550 3908 Anno
574 3843 710 3908 Domini
736 3843 876 3910 M⁰.c⁰c⁰.
890 3845 1112 3931 Nonagesimo
1138 3848 1255 3932 primo,
1271 3848 1323 3912 die
1346 3846 1450 3911 sancti
1466 3847 1609 3912 Willridi

409 3944 565 4032 episcopi,
590 3944 672 4009 obiit
686 3945 838 4011 dominus
853 3947 1001 4012 Andreas
1026 3949 1144 4014 Russel
1167 3950 1272 4030 miles,
1289 3961 1323 4015 et
1348 3949 1495 4035 sepultus
1510 3961 1562 4016 est
1575 3949 1608 4014 in

410 4047 532 4134 capella
542 4046 635 4114 beate
644 4045 787 4132 Virginis
805 4045 909 4114 Marie
923 4049 1010 4134 apud
1023 4049 1168 4134 Burgum
1182 4051 1278 4136 juxta
1292 4061 1419 4138 patrem
1435 4074 1542 4131 suurn,
1557 4053 1608 4118 die
