3938 5022
136 824 293 872 lmoruuoio.

139 912 323 990 Nprhumtcuie-

139 992 212 1028 Μ.

681 648 895 698 cunonrcon
914 651 1240 698 cursonunounsn.
1523 639 1563 710 67

408 801 518 866 Abbss
533 801 574 866 de
594 801 704 887 Burgo
729 801 832 868 suncti
858 801 956 884 Petri,
972 803 1166 889 Rsnulphus
1190 805 1231 870 de
1247 804 1462 888 Wodestone,
1479 806 1562 872 Wil-

362 904 478 970 lelmus
495 904 594 984 Cnot,
610 905 773 970 Henricus
788 906 818 970 lc
839 907 969 972 Messer
995 908 1185 973 summoniti
1207 909 1341 975 fuerunt
1363 910 1405 974 cd
1428 931 1565 996 respon-

362 1007 505 1077 dendum
533 1006 678 1073 Johunni
707 1009 748 1073 de
778 1009 929 1091 Milhcm,
961 1008 1143 1076 Willielmo
1172 1012 1304 1098 Aylyld,
1343 1012 1492 1079 Gslfrido
1523 1015 1564 1081 de

361 1111 599 1178 Norhsmtonis
620 1121 654 1177 et
676 1112 829 1198 magistro
844 1113 1026 1178 Laurencio
1046 1113 1087 1178 de
1103 1115 1232 1181 Undele
1257 1116 1298 1181 de
1320 1116 1441 1201 plecito
1466 1138 1564 1201 querc

361 1225 517 1302 ceperunt
545 1215 660 1281 cntslls
689 1214 837 1300 ipsorum
860 1215 1035 1297 Johsnnis,
1061 1216 1230 1298 willelmi,
1257 1218 1398 1284 Gelfridi
1421 1229 1456 1284 et
1479 1221 1564 1285 Lau-

362 1319 460 1385 rencii
489 1327 524 1386 et
559 1340 597 1384 es
627 1318 748 1404 injuste
770 1317 980 1385 detinuerunt
1014 1329 1128 1384 contra
1161 1320 1255 1384 vedis
1288 1331 1352 1388 etc.
1395 1323 1442 1388 Et
1477 1324 1564 1389 unde

362 1423 500 1508 predicti
514 1423 696 1502 Johsnncs‚
706 1421 903 1501 Willclmus,
919 1421 1088 1486 Gnlfridus
1111 1431 1145 1486 et
1160 1422 1360 1489 Laurencius
1385 1436 1565 1509 queruntur

362 1527 451 1612 quod
472 1525 637 1611 predictus
664 1523 764 1590 ubbes
790 1545 849 1609 per
873 1524 1039 1609 predictos
1065 1524 1287 1608 Rsnulphum,
1302 1527 1516 1607 Willelmum,
1531 1539 1565 1592 et

364 1628 556 1708 Henricum‚
571 1627 623 1692 dic
638 1626 773 1692 Ssbbcti
795 1627 944 1712 proxime
958 1635 1034 1692 unte
1051 1627 1172 1692 festum
1196 1628 1300 1694 sancti
1326 1629 1414 1693 Petri
1427 1629 1469 1693 sd
1483 1629 1565 1692 Vin·

363 1731 446 1811 omn,
460 1753 546 1796 enno
570 1730 660 1816 regni
676 1730 774 1815 Regis
798 1729 950 1796 Edwardi
973 1751 1073 1809 nono,
1088 1730 1175 1816 apud
1203 1731 1331 1796 Undele
1357 1731 1391 1795 in
1414 1731 1565 1796 domibus

363 1836 509 1922 ipsorum
537 1833 711 1914 Johennis,
749 1832 918 1913 Willelmi,
956 1833 1094 1898 Galiridi
1132 1844 1166 1900 et
1203 1833 1375 1900 Laurencii
1409 1846 1566 1920 ceperunt

364 1947 502 2026 quatuor
526 1937 630 2003 molus
666 1937 834 2003 manuales
856 1936 1003 2023 ipsorum
1032 1937 1208 2018 Johsnnis,
1233 1937 1402 2018 Willelmi,
1429 1938 1567 2004 Gelfridi

364 2051 398 2108 ct
419 2039 601 2120 Laurencii,
623 2049 657 2105 ct
678 2061 733 2105 ees
758 2048 1009 2126 asportaverunt
1029 2061 1133 2126 usque
1154 2041 1189 2104 in
1219 2041 1352 2107 domum
1383 2040 1510 2108 cbbctis
1532 2042 1566 2106 in

364 2145 477 2210 eadem
502 2143 588 2224 villu,
613 2152 648 2209 et
669 2165 723 2208 ess
746 2143 1093 2220 detinueruutccntrs
1118 2144 1212 2209 vsdic
1241 2154 1275 2209 ct
1296 2145 1420 2232 plegios
1447 2165 1568 2230 quous-

364 2269 427 2334 que
438 2246 613 2314 deliberate
627 2247 760 2312 luerunt
769 2269 827 2332 per
837 2246 935 2329 breve
947 2247 1071 2314 domini
1086 2246 1196 2333 Regis.
1242 2246 1341 2314 Unde
1356 2249 1471 2314 dicunt
1479 2249 1566 2333 quod

365 2351 551 2418 deteriorati
568 2359 647 2415 sunt
666 2359 700 2415 et
714 2335 893 2435 dampnum
901 2350 1032 2414 'hubent
1056 2350 1098 2414 sd
1113 2349 1287 2416 velentium
1304 2351 1370 2416 iiii.
1390 2350 1568 2416 solidorum

364 2465 398 2520 et
412 2454 489 2520 inde
503 2454 690 2540 producunt
705 2462 839 2533 sectum,
854 2462 916 2518 etc.

251 2581 282 2628 ·0.
408 2560 455 2623 Et
468 2558 568 2624 sbbss
583 2567 617 2624 et
631 2579 745 2622 omnes
768 2555 823 2621 elii
847 2555 987 2638 veniunt
1006 2565 1045 2620 et
1068 2555 1249 2622 defendunt
1270 2557 1337 2621 vim
1356 2565 1390 2620 ct
1414 2555 1566 2642 injurium

365 2671 426 2729 etc.
441 2663 571 2749 quando
589 2671 651 2728 etc.
667 2669 701 2725 et
715 2661 829 2725 dicunt
853 2659 944 2756 quod
963 2659 1112 2744 ypicdicte
1134 2660 1220 2725 mole
1239 2659 1456 2725 consuerunt
1480 2681 1569 2725 com-
1683 2701 1693 2719 .

364 2789 480 2833 munes
493 2767 640 2852 ipsorum
655 2764 827 2845 solennis,
842 2761 1009 2844 willelmi,
1032 2761 1181 2844 Galli-idi,
1201 2772 1235 2830 et
1260 2763 1443 2846 Leurencii‚
1468 2763 1569 2830 immo

364 2869 500 2957 quilibet
523 2868 638 2934 hebuit
665 2867 786 2933 molem
816 2865 877 2930 sibi
903 2866 1156 2952 appropriatum,
1179 2877 1214 2933 ct
1241 2867 1306 2953 ipsi
1334 2867 1370 2932 in
1391 2867 1483 2933 brevi
1509 2889 1569 2932 suo

365 2973 489 3039 fuciunt
509 2973 714 3038 mencionem
728 2992 766 3036 ac
780 2969 809 3037 si
822 2991 1014 3035 commmres
1028 2977 1151 3047 essent,
1165 2968 1254 3034 unde
1268 2977 1387 3053 petunt
1409 2969 1568 3055 judicium

367 3077 408 3141 dc
422 3075 514 3140 brevi
529 3098 600 3140 suo.

412 3179 459 3244 Et
466 3177 603 3264 predicti
611 3178 790 3258 Johennes,
799 3175 996 3256 willelmus,
1006 3173 1184 3254 Gelli-idus,
1193 3183 1227 3240 et
1236 3173 1446 3253 Laurencius,
1456 3173 1570 3240 dicunt

370 3282 458 3368 quod
480 3280 623 3367 predicte
646 3281 730 3346 mole
757 3303 815 3346 sue
840 3288 920 3346 sunt
943 3297 1146 3357 communes,
1165 3285 1199 3342 et
1224 3276 1313 3342 nulle
1338 3297 1452 3342 eorum
1475 3275 1569 3342 alicui

369 3383 563 3471 epropriste‚
584 3392 618 3450 et
638 3383 701 3448 hoc
723 3391 851 3469 ponunt
875 3403 910 3446 se
936 3401 1035 3467 super
1057 3378 1208 3465 patriam,
1223 3387 1257 3445 et
1268 3378 1406 3466 predicti
1420 3377 1520 3444 sbbcs
1535 3389 1570 3444 et

367 3489 422 3554 slii
445 3487 603 3553 similiter.
648 3486 728 3551 Ideo
754 3495 944 3572 preceptum
964 3493 1016 3550 est
1029 3483 1212 3550 vicecomiti
1238 3483 1326 3570 quod
1341 3482 1452 3549 venire
1474 3483 1571 3548 facist

367 3593 455 3678 opud
471 3591 635 3677 Sslopicm
649 3590 684 3655 in
699 3589 840 3655 crastino
850 3589 954 3654 sancti
966 3587 1103 3654 Martini
1119 3587 1184 3654 ,xii
1200 3595 1263 3654 etc
1278 3588 1345 3674 qui,
1356 3609 1427 3668 nec,
1438 3597 1500 3654 etc.
1515 3587 1571 3673 qui

367 3707 447 3776 tem,
462 3698 520 3762 &c
535 3695 587 3761 Ad
610 3715 707 3781 quem
722 3693 809 3758 diem
830 3693 938 3778 jurata
959 3692 1093 3778 ponitur
1114 3691 1148 3754 in
1174 3701 1326 3776 respectu
1350 3713 1455 3776 usque
1476 3714 1496 3755 e
1518 3691 1571 3756 die

370 3800 493 3867 Pesche
507 3800 542 3864 in
557 3809 624 3865 tres
636 3797 846 3883 septimanas,
856 3805 890 3860 et
900 3804 980 3861 tunc
991 3796 1250 3861 fuerumomnes
1260 3794 1396 3879 predicti
1406 3793 1572 3874 essonisti,

369 3914 403 3969 et
417 3903 517 3969 sbbes
532 3904 624 3970 venit
638 3923 696 3988 per
710 3909 921 3976 astomorum,
937 3909 972 3964 et
986 3900 1082 3964 dutus
1097 3909 1149 3964 est
1164 3899 1233 3964 dies
1255 3897 1403 3984 pertibus
1418 3897 1572 3982 predictis

369 4006 404 4070 in
420 4006 545 4071 octabis
561 4015 672 4072 sancte
683 4003 863 4070 liinitutis.
907 4002 959 4067 Ad
974 4023 1071 4087 quem
1086 4001 1173 4068 diem
1188 4001 1341 4067 dominus
1357 3999 1457 4064 abbas
1472 4007 1506 4064 et
1520 3999 1573 4063 ulii

371 4107 548 4194 supradicti
574 4116 733 4173 venerunt
756 4127 814 4191 per
837 4113 1019 4170 attornutos
1046 4099 1135 4184 suos,
1161 4115 1195 4169 et
1220 4104 1405 4179 habuerunt
1430 4101 1516 4166 diem
1539 4101 1573 4166 in

372 4209 514 4276 crastino
538 4211 729 4274 Animarum
752 4207 815 4273 nisi
829 4208 1000 4274 Johennes
1025 4207 1065 4272 de
1091 4206 1237 4272 Luvetot
1261 4207 1313 4272 vel
1329 4203 1512 4270 Willelmus
1535 4203 1575 4267 de
