3938 5022
704 663 917 709 cunosrcon
935 667 1262 711 rs'rnonuncnusu.
1546 653 1586 710 88

381 833 556 899 personam
573 815 651 879 dicti
665 815 822 880 Willelmi
848 817 1055 903 tangentibus
1081 819 1295 904 inquisicione
1321 821 1404 883 lacta
1431 819 1588 903 diligenti,

381 920 470 1002 quod
486 941 627 1004 peream
644 931 694 984 cst
708 919 879 984 inventum
902 921 964 986 sub
988 922 1092 1007 sigillo
1119 922 1322 988 officialitatis
1349 922 1587 988 Norhamtonie

273 1097 286 1110 .
379 1020 475 1084 vobis
490 1022 651 1086 inclusum
667 1023 865 1088 transmitto.
909 1023 1025 1088 Valeat
1040 1024 1217 1109 paternitas
1226 1034 1340 1089 ‘vestra
1355 1035 1416 1089 etc.
1461 1025 1585 1088 Datum

380 1124 468 1206 apud
484 1125 630 1203 Hilham,
646 1126 698 1190 die
713 1127 887 1191 Dominica
901 1127 1048 1212 proxima
1062 1139 1139 1214 post
1149 1129 1270 1192 festum
1282 1129 1386 1193 sancti
1404 1127 1586 1204 Michaelis,

378 1246 466 1291 anno
481 1228 616 1292 Domini
632 1228 827 1312 supradicto.

423 1331 498 1394 Hiis
509 1342 618 1396 autem
636 1332 756 1396 auditis
771 1343 805 1396 et
816 1333 1006 1409 intellectis3
1035 1335 1219 1419 Episcopus
1235 1335 1344 1398 abbati
1360 1345 1394 1399 et
1408 1332 1583 1400 conventui

377 1433 530 1515 predictis
557 1432 703 1496 inhibere
719 1433 851 1497 fecitne
872 1435 1039 1499 ecclesiam
1055 1435 1096 1499 de
1120 1435 1284 1520 cloptona
1298 1459 1356 1520 per
1371 1447 1507 1499 mortem
1525 1435 1584 1498 do·

376 1534 458 1597 mini
484 1535 647 1598 Johannis
677 1535 718 1598 de
749 1535 958 1600 Camerwelle
988 1547 1159 1601 vacantem
1185 1536 1279 1599 alicui
1310 1539 1494 1601 conferrent
1522 1559 1582 1601 nec

377 1637 516 1721 aliquem
533 1639 572 1702 ad
596 1639 734 1702 eundem
759 1647 994 1723 presentarent,
1010 1640 1095 1725 quia,
1110 1649 1148 1703 ut
1171 1641 1319 1719 asseruit,
1339 1641 1483 1725 predicto
1499 1641 1582 1704 Wil-

376 1739 473 1804 lelmo
490 1740 651 1826 Campiun
676 1741 715 1806 de
731 1741 817 1806 dicta
832 1741 967 1806 ecclesia
986 1742 1155 1827 providere
1181 1742 1371 1807 intendebat
1382 1745 1475 1828 juxta
1491 1767 1580 1806 man-

376 1839 487 1904 datum
504 1842 728 1926 apostolicum.
774 1844 873 1908 Unde
888 1844 1055 1908 mandavit
1076 1845 1204 1909 cuidam
1227 1845 1342 1909 clerico
1365 1845 1581 1910 archidiaconi

376 1941 613 2008 Norhamtonie
628 1944 750 2008 litteras
765 1945 972 2010 inhibicionis
988 1945 1196 2031 subscriptas.

418 2046 570 2112 Oliverus
585 2049 798 2133 permissione
825 2049 934 2113 divina
957 2049 1127 2114 Lincolnie
1144 2051 1339 2136 Episcopus,
1366 2049 1480 2116 unicus
1505 2073 1579 2116 exe-

372 2158 467 2213 cutor
476 2172 573 2235 super
587 2151 773 2235 provisione
783 2151 952 2215 Willielmi
963 2150 1124 2237 Campiun
1135 2153 1175 2217 de
1188 2153 1415 2239 Irtlingburco,
1428 2155 1578 2239 pauperis

372 2251 488 2330 clerici,
503 2274 523 2315 a
537 2252 613 2316 sede
629 2253 806 2337 apostolica
822 2253 1006 2337 deputatus,
1022 2253 1141 2318 dilecto
1156 2255 1190 2318 in
1202 2256 1333 2319 Christo
1346 2256 1412 2320 filio
1426 2257 1577 2340 magistro

372 2353 656 2419 Nicholaoclen'co
677 2355 800 2419 domini
810 2355 1026 2420 archidiaconi
1035 2357 1273 2422 Norbamtonie
1284 2359 1432 2436 salutem,
1441 2359 1576 2443 gratiam

370 2464 405 2519 et
418 2454 688 2521 benedictionem.
734 2457 820 2522 Quia
843 2458 1034 2521 auctoritate
1060 2458 1237 2521 litterarum
1263 2459 1459 2522 sanctissimi
1475 2459 1575 2544 patris

369 2555 493 2620 domini
510 2557 645 2621 Martini
668 2578 751 2643 pape
767 2557 882 2642 quarti,
906 2579 985 2642 quas
999 2558 1093 2622 vobis
1114 2579 1172 2644 per
1195 2560 1318 2624 dictum
1334 2561 1485 2624 clericum
1501 2562 1576 2626 mit·

369 2659 469 2722 timus
484 2659 702 2745 inspiciendas
717 2659 876 2744 nobisque
891 2661 976 2725 illico
992 2661 1202 2726 remittendas
1214 2685 1272 2748 per
1284 2665 1434 2744 eundem,
1454 2665 1576 2729 sollerti

368 2761 581 2846 inquisicione
605 2763 774 2847 prehabito
800 2762 921 2827 dictum
950 2763 1102 2829 clericum
1129 2765 1212 2830 bene
1238 2767 1467 2852 morigeratum
1491 2789 1574 2847 esse,

369 2864 539 2929 laudabilis
562 2867 739 2930 testimonii
765 2888 802 2930 ac
828 2867 905 2930 allas
931 2867 1085 2932 idoneum
1110 2869 1149 2932 ad
1177 2871 1364 2954 hujusmodi
1380 2870 1572 2936 beneficium

369 2967 620 3032 ecclesiasticum
648 2968 827 3032 secundum
843 2971 979 3032 sormam
1002 2971 1148 3034 mandati
1163 2973 1334 3056 apostolici
1357 2974 1571 3057 optinendum

368 3069 576 3154 reperientes,
590 3072 807 3156 mandatoque
823 3073 1001 3156 apostolico
1025 3085 1210 3138 reverenter
1236 3075 1367 3139 obedire
1393 3075 1570 3158 cupientes,

367 3171 534 3237 ecclesiam
560 3173 599 3237 de
624 3172 786 3259 Cloptona
811 3185 922 3239 nostre
945 3175 1093 3250 diocesis,
1109 3177 1201 3260 cujus
1217 3187 1407 3261 patronatus
1423 3178 1463 3240 ad
1478 3176 1568 3262 ipsos

365 3274 532 3360 religiosos
558 3275 707 3342 abbatem
731 3288 765 3342 et
783 3287 980 3344 conventum
997 3278 1037 3342 de
1053 3279 1162 3363 Burgo
1179 3280 1282 3344 sancti
1305 3281 1392 3344 Petri
1408 3281 1568 3365 pertinere

366 3379 545 3443 dinoscitur
566 3380 606 3444 de
625 3381 699 3465 jure
714 3390 748 3444 et
774 3382 814 3445 de
829 3383 915 3447 facto
932 3403 1020 3446 nunc
1034 3395 1201 3447 vacantem
1222 3383 1307 3447 sicut
1330 3383 1457 3463 dicitur,
1472 3384 1523 3448 vel
1540 3385 1567 3448 si

365 3482 442 3567 quid
457 3482 544 3547 aliud
559 3493 652 3548 vacat
666 3484 707 3547 ad
721 3506 856 3569 presens
872 3486 923 3550 vel
938 3486 1101 3570 quamcito
1116 3487 1157 3550 ad
1172 3487 1205 3550 id
1218 3487 1373 3571 optulerit
1385 3510 1419 3551 sc
1431 3488 1565 3551 facultas

365 3596 515 3668 spectans
531 3587 571 3650 ad
586 3587 796 3652 collacionem
811 3588 861 3652 vel
885 3589 1164 3673 presentacionem
1191 3590 1378 3670 eorundem,
1394 3590 1565 3656 donacioni

363 3698 485 3768 nostre,
494 3689 595 3754 immo
605 3691 712 3754 verius
722 3692 908 3777 apostolice,
920 3693 1154 3756 reservavimus
1165 3704 1198 3758 et
1208 3695 1313 3758 adhuc
1325 3693 1560 3778 re[servamus]

145 3796 206 3860 (fot.
217 3801 258 3850 cii·
269 3805 319 3867 Ψ.)
364 3797 377 3870 l
382 3793 477 3876 juxta
490 3794 644 3858 virtutem
660 3794 806 3858 mandati
822 3795 1031 3880 suprascripti
1052 3796 1139 3860 dicto
1165 3797 1300 3882 pauperi
1325 3798 1440 3862 clerico
1455 3800 1565 3862 confe-

142 3889 280 3942 ΜΝ·
363 3896 512 3975 rendum,
527 3897 736 3962 decernentes
752 3919 792 3962 ex
814 3920 902 3962 nunc
917 3898 1042 3962 irritum
1058 3909 1092 3964 et
1113 3901 1209 3964 inane
1235 3901 1261 3964 si
1285 3923 1342 3986 per
1365 3901 1497 3966 eosdem
1512 3900 1564 3965 vel

364 3997 443 4062 alios
458 3997 492 4062 in
506 3999 568 4065 hac
582 4011 673 4086 parte
688 4023 781 4065 secus
796 4001 893 4065 fuerit
907 4011 1156 4087 attemptatum3
1176 4003 1279 4069 Vobis
1296 4005 1486 4068 mandamus
1501 4002 1563 4068 sub

362 4122 447 4186 pena
462 4103 614 4167 canonice
624 4104 838 4169 districcionis
848 4104 982 4169 firmiter
992 4105 1208 4192 injungentes,
1225 4107 1374 4191 quatinus
1386 4115 1563 4171 memorato

362 4203 471 4270 abbati
495 4215 530 4271 et
555 4208 729 4272 conventui
756 4229 815 4273 suo
842 4229 899 4294 per
914 4209 1067 4288 eundem,
1080 4211 1334 4275 reservacionem
1350 4221 1383 4275 et
1398 4211 1562 4274 decretum
