3812 5030
391 533 438 596 38
711 547 925 593 onnomcon
942 548 1268 594 aasaoaoncsnss.

390 703 480 767 illam
502 699 711 786 tangentibus
723 725 732 780 3
762 700 803 765 ad
829 723 926 785 quern
952 700 1039 766 diem
1061 701 1227 785 predictus
1250 699 1436 766 Willelmus
1458 702 1536 767 fecit
1558 725 1595 768 se

391 803 548 868 essoniari
562 814 597 867 et
610 804 725 867 habuit
750 801 836 867 diem
860 824 968 867 coram
990 801 1177 886 justiciariis
1203 803 1256 867 hic
1281 803 1315 866 in
1342 802 1466 868 octabis
1492 806 1594 870 sancti

391 906 575 985 Michaelis,
589 928 676 970 anno
691 905 818 986 eodem,
845 916 880 970 et
900 915 1016 991 postea
1039 905 1230 970 certificacio
1245 905 1390 990 predicta
1413 908 1519 991 posita
1533 909 1596 974 fuit

390 1011 430 1078 in,
441 1019 626 1096 respectum
640 1031 743 1095 usque
758 1033 778 1074 a
793 1010 844 1074 die
861 1010 984 1075 Pasche
998 1009 1033 1072 in
1047 1031 1101 1074 xv.
1117 1009 1197 1088 dies,
1211 1009 1276 1089 hic,
1291 1009 1354 1074 nisi
1369 1011 1391 1076 J
1393 1011 1537 1076 ohannes
1553 1013 1594 1076 de

392 1114 537 1177 Luvetot
556 1104 646 1198 prius
660 1113 702 1176 ad
716 1122 825 1198 partes
847 1113 919 1177 illas
934 1112 1080 1176 veniret:
1097 1112 1152 1196 qui
1166 1112 1258 1175 venit
1283 1113 1371 1198 apud
1396 1113 1593 1200 stangrund,

391 1213 445 1278 die
469 1213 606 1278 Veneris
631 1214 779 1299 proxima
808 1223 884 1278 ante
910 1212 1050 1278 mediam
1080 1212 1368 1298 quadragesimam,
1394 1237 1480 1279 anno
1503 1217 1593 1302 regni

390 1317 475 1402 regis
489 1339 578 1382 nunc
598 1318 682 1383 viiio.
698 1319 739 1382 ad
754 1317 945 1403 capiendam
959 1316 1140 1402 predictam
1149 1317 1430 1382 certificaeionem.
1475 1319 1593 1384 Coram

392 1442 457 1506 quo
471 1422 624 1486 convenit
649 1421 771 1486 ibidem
795 1421 881 1487 inter
904 1421 1048 1500 eosdem,
1064 1431 1126 1486 ete.
1145 1430 1184 1485 ut
1206 1430 1340 1485 notatur
1355 1443 1393 1486 ex
1418 1423 1479 1486 alia
1501 1433 1593 1509 parte

171 1536 378 1605 (Vennones.)
391 1525 551 1610 presentis
566 1525 646 1590 folii.
692 1525 762 1589 lsta
784 1524 977 1590 inrotulacic
999 1524 1185 1590 invenietur
1205 1524 1239 1588 in
1264 1524 1391 1609 placitis
1415 1526 1456 1590 de
1481 1527 1594 1591 Banco

391 1650 411 1693 a
433 1628 485 1694 die
501 1629 624 1695 Pasche
642 1629 677 1693 in
692 1652 724 1694 v.
740 1629 950 1714 septimanas,
970 1650 1056 1693 anno
1079 1628 1170 1714 regni
1191 1628 1276 1714 regis
1291 1629 1443 1694 Edwardi
1458 1629 1536 1694 viii0.
1553 1631 1595 1696 de

391 1733 531 1796 termino
547 1733 681 1798 Pascha.

173 1840 376 1910 (soracum)
434 1841 448 1915 s
463 1835 556 1900 Inter
570 1835 740 1900 dominum
755 1833 906 1899 abbatem
921 1843 956 1898 et
971 1833 1188 1899 Laurencium
1205 1835 1246 1900 de
1262 1835 1431 1904 Prestona.

171 1934 362 1984 temerando
436 1936 594 2001 Placitum
624 1938 711 2022 apud
736 1936 1066 2002 westmonasterium
1092 1958 1199 2001 eoram
1226 1939 1380 2024 magistro
1401 1941 1529 2025 Rogero
1553 1919 1594 2007 dd

170 1998 293 2048 Prestona.

392 2040 536 2126 Seytcna
564 2050 598 2104 et
627 2041 723 2105 sociis
750 2039 829 2118 suis,
858 2038 1044 2123 justiciariis
1083 2037 1207 2102 domini
1236 2041 1319 2124 regis
1348 2041 1382 2104 in
1411 2041 1526 2124 banco,
1558 2045 1593 2108 in

390 2141 514 2208 octabis
529 2152 640 2208 sancte
654 2141 834 2221 Trinitatis,
849 2163 934 2206 anno
946 2141 1037 2225 regni
1052 2140 1134 2225 regis
1149 2141 1301 2206 Edwardi
1316 2153 1419 2208 sexto.

431 2244 544 2310 Abbas
559 2247 600 2310 de
622 2246 732 2330 Burgo
748 2245 851 2309 saneti
863 2243 950 2309 Petri
971 2242 1190 2308 summonitus
1199 2243 1262 2308 fuit
1275 2245 1316 2308 ad
1331 2249 1594 2332 respondendum

390 2348 570 2413 Laurencic
586 2348 626 2414 de
643 2349 800 2415 Prestona
826 2348 867 2412 de
892 2346 1012 2432 placito
1039 2367 1137 2432 quare
1159 2345 1246 2431 cepit
1265 2347 1372 2412 averia
1390 2349 1492 2434 ipsius
1508 2351 1594 2416 Lau-

389 2451 489 2515 rencii
500 2461 533 2514 et
548 2473 586 2515 ea
599 2451 720 2537 injuste
732 2451 873 2516 detinuit
883 2459 996 2514 contra
1005 2449 1136 2513 vadium
1146 2457 1180 2512 et
1192 2449 1333 2534 plegium
1349 2459 1411 2516 etc.
1454 2453 1501 2517 Et
1515 2453 1594 2519 dicit

389 2553 477 2638 quod
491 2553 656 2638 predictus
679 2555 778 2619 abbas
793 2553 828 2618 in
843 2553 984 2618 crastino
1004 2551 1107 2616 sancti
1124 2550 1283 2636 Gregorii,
1298 2573 1384 2617 anno
1405 2554 1496 2638 regni
1509 2555 1593 2640 regis

388 2677 477 2720 nunc
492 2655 617 2740 quinto,
640 2657 727 2742 cepit
748 2657 830 2721 duos
853 2677 954 2740 equos
976 2653 1077 2739 precii
1093 2653 1146 2717 .xl.
1162 2653 1340 2718 solidorum
1362 2655 1397 2719 in
1417 2677 1532 2741 campo
1553 2659 1594 2723 de

389 2758 591 2838 Wodecroft,
606 2758 640 2822 in
655 2759 795 2843 quodam
810 2758 882 2822 loco
898 2756 953 2842 qui
968 2765 1102 2819 vocatur
1125 2755 1342 2835 Hundecroft,
1354 2766 1388 2821 et
1402 2779 1460 2823 ecs
1470 2760 1594 2844 fugavit

389 2870 423 2927 et
447 2861 550 2947 fugari
575 2859 653 2926 fecit
678 2861 719 2924 ad
742 2858 923 2924 manerium
949 2879 1045 2922 suum
1069 2858 1109 2922 de
1136 2856 1304 2938 Glintona,
1327 2872 1361 2923 et
1385 2881 1443 2924 eos
1471 2861 1592 2927 ibidem

390 2964 531 3030 detinuit
556 2986 725 3051 quousque
749 2963 825 3028 inde
854 2961 981 3026 liberati
1009 2960 1144 3024 fuerunt
1166 2982 1225 3046 per
1256 2972 1445 3048 preceptum
1470 2965 1594 3030 domini

388 3067 483 3152 regis.
528 3067 627 3132 Unde
652 3067 731 3132 dicit
755 3065 844 3153 quod
870 3063 1085 3130 deterioratus
1100 3072 1152 3128 est
1176 3073 1210 3128 et
1236 3064 1415 3150 dampnum
1431 3067 1530 3133 habet
1551 3069 1593 3133 ad

387 3171 562 3235 valentiam
584 3194 622 3236 .c.
650 3170 841 3248 solidorum,
863 3177 897 3234 et
922 3167 998 3232 inde
1013 3166 1165 3252 producit
1188 3175 1308 3230 sectam
1324 3178 1386 3233 etc.
1430 3170 1477 3234 Et
1490 3170 1591 3237 abbas

387 3293 446 3354 per
468 3281 667 3335 attornatum
695 3293 792 3335 suum
806 3271 898 3336 venit
912 3281 946 3334 et
969 3269 1114 3334 defendit
1135 3267 1203 3332 vim
1225 3281 1260 3333 et
1273 3269 1436 3355 injuriam,
1462 3275 1593 3357 quando

388 3382 451 3437 etc.
495 3373 542 3436 Et
552 3371 635 3436 bene
650 3375 804 3458 cognovit
815 3373 903 3458 quod
918 3374 1004 3457 cepit
1018 3371 1164 3458 predicta
1178 3371 1284 3436 averia
1309 3382 1344 3436 et
1365 3374 1466 3457 juste.
1502 3375 1594 3440 Dicit

390 3475 432 3540 ii.
456 3475 544 3559 quod
569 3475 734 3559 predictus
751 3476 951 3540 Laurencius
973 3485 1065 3540 tenet
1088 3475 1129 3538 de
1144 3495 1183 3538 eo
1203 3484 1348 3559 quartam
1364 3487 1489 3561 partem
1505 3477 1593 3543 feodi

388 3577 485 3642 unius
515 3577 627 3642 militis
650 3578 685 3642 in
711 3578 856 3664 predicta
878 3577 955 3642 villa
984 3578 1025 3643 de
1046 3577 1237 3642 Wodecroft
1265 3599 1324 3663 per
1346 3579 1533 3664 homagium
1559 3591 1594 3645 et

311 3705 314 3712 ·
387 3679 555 3758 relevium,
581 3689 615 3743 et
640 3679 681 3745 de
706 3679 858 3765 homagio
885 3690 936 3744 est
960 3680 1031 3766 ipse
1058 3679 1156 3744 modo
1182 3679 1216 3743 in
1241 3680 1361 3745 seisina
1388 3703 1447 3767 per
1476 3704 1592 3746 manus

387 3783 490 3869 ipsius
507 3783 687 3859 Laurentii,
703 3793 737 3849 et
751 3784 839 3869 quod
853 3782 1009 3848 relevium
1024 3783 1054 3848 ei
1068 3806 1088 3847 a
1102 3793 1188 3848 retro
1203 3783 1266 3848 fuit
1281 3785 1322 3848 de
1337 3794 1442 3849 morte
1452 3784 1593 3850 Gilberti

389 3886 429 3951 de
446 3886 604 3950 Prestona
618 3887 769 3952 avunculi
784 3886 922 3971 predicti
932 3887 1115 3965 Laureneii,
1131 3887 1225 3972 cujus
1240 3888 1334 3953 heres
1345 3888 1416 3972 ipse
1431 3897 1493 3966 est,
1504 3889 1592 3953 unde

389 3989 552 4074 distringit
566 4011 642 4052 eum
657 4011 716 4074 pro
731 3988 878 4074 predicto
893 3988 1023 4052 relevio.

431 4094 477 4158 Et
492 4092 692 4158 Laurencius
710 4091 798 4172 dicit,
813 4092 901 4176 quod
923 4091 975 4157 die
1001 4114 1067 4178 quo
1082 4092 1152 4178 ipse
1175 4093 1251 4157 fecit
1265 4093 1445 4178 predictam
1468 4093 1593 4166 distric-
