3938 5022
409 627 471 686 124
727 644 941 691 canonicos
959 644 1287 693 rruaosunosrsn.

494 795 547 860 De
566 795 679 860 eedem
693 795 814 876 villata,
829 797 869 862 de
881 797 1003 862 catellis
1018 797 1180 863 Johennis
1195 797 1308 877 Malle,

537 898 672 964 latronis
688 900 1025 986 suspensi..
1299 947 1308 966 .
1460 902 1497 966 ii·
1563 897 1613 966 rid

496 999 548 1062 De
563 999 676 1064 eadem
691 1001 811 1081 villata,
831 1002 871 1070 de
893 1003 1015 1072 catallis
1030 947 1188 1070 Willelriri
1202 1004 1310 1070 Noce-

539 1123 626 1181 man,
640 1103 774 1168 latronis
790 1105 940 1190 suspensi
1016 1152 1024 1172 .
1156 1151 1166 1171 .
1300 1153 1308 1170 .
1449 1105 1495 1170 xl·

497 1203 549 1268 De
564 1205 676 1270 eadem
690 1207 810 1287 villata,
825 1208 866 1276 de
881 1231 967 1274 anno
990 1217 1024 1274 et
1044 1216 1138 1278 vasto
1152 1217 1309 1274 terrarum

540 1306 655 1392 ipsius,
669 1310 756 1375 unde
768 1308 957 1376 Willelmus
969 1311 1010 1376 dc
1023 1309 1311 1396 Helpestoncfecit

541 1410 611 1476 fieri
626 1435 701 1477 cum
711 1413 898 1499 justiciariis
1021 1461 1029 1480 .
1450 1413 1496 1478 vis

412 1515 551 1600 Burgus.
552 1516 649 1581 —De
662 1517 773 1582 villata
787 1517 828 1582 de
840 1517 961 1602 Burgo,
983 1518 1024 1583 de
1039 1461 1171 1583 catallis·
1183 1517 1309 1583 Thomu

542 1620 573 1685 le
588 1620 689 1700 Rede,
702 1621 836 1686 latronis
851 1621 1001 1706 suspensi
1163 1667 1172 1687 .
1562 1617 1610 1696 vi5¹

415 1720 529 1789 Castre
531 1724 637 1790 -De
658 1724 768 1792 villata
781 1726 822 1790 de
838 1724 963 1804 Castre,
977 1724 1018 1790 de
1040 1725 1161 1790 catallis
1178 1666 1312 1790 Ricardi

772 2021 1013 2067 sunonnnurr
1030 2022 1079 2066 nrr
1096 2021 1253 2068 consur.

413 2135 619 2224 Cotingham.
619 2138 716 2204 -De
730 2137 839 2206 villota
852 2138 893 2205 de
909 2137 1116 2224 Cotingham,
1130 2139 1171 2204 de
1186 2138 1308 2204 catallis

455 2345 554 2409 Anno
570 2344 706 2410 Domini
721 2345 773 2410 M⁰
774 2345 860 2410 .o⁰⁰c.
876 2345 1075 2431 octogesimo
1091 2343 1220 2430 quinto,
1235 2353 1269 2411 et
1296 2365 1382 2410 anno
1407 2366 1498 2430 regni
1489 2344 1611 2431 Regis

412 2446 609 2513 Edwardi
579 2447 657 2514 xrii⁰.

191 2544 297 2622 ΝΜ
215 2543 297 2591 (Μ’
297 2545 372 2593 ‘⁰⁰¹⁰'
456 2551 533 2618 Quo
547 2561 701 2616 wsranto
746 2552 821 2616 De'
813 2552 928 2617 itinere
939 2551 1193 2637 justiciariorum
1208 2551 1297 2636 opud
1312 2551 1595 2617 Norhamtoniam.

188 2623 258 2658 Μ
453 2651 567 2716 Abbas
593 2651 633 2716 de
660 2651 770 2737 Burgo
807 2653 911 2718 sancti
937 2654 1026 2718 Petri
1060 2653 1279 2718 summonitus
1307 2653 1370 2716 fuit
1402 2654 1445 2716 ad
1476 2675 1610 2738 respon-

410 2754 553 2820 dendum
583 2754 716 2820 domino
745 2755 827 2840 Regi
856 2755 897 2820 de
926 2754 1057 2840 placito,
1082 2777 1147 2840 quo
1175 2763 1317 2820 warento
1347 2755 1464 2820 clamat
1493 2755 1611 2848 hebere

408 2858 572 2945 prisonem
587 2856 670 2922 infra
685 2857 864 2922 manerium
879 2878 976 2922 suum
985 2857 1026 2922 de
1038 2856 1158 2942 Burgo,
1167 2878 1225 2942 per
1235 2878 1338 2922 unum
1349 2856 1457 2922 breve.
1494 2855 1540 2921 Et
1555 2879 1613 2942 per

409 2961 497 3026 eliud
510 2960 620 3040 breve,
635 2983 700 3046 quo
719 2969 862 3028 warento
877 2961 995 3028 clamat
1014 2960 1133 3026 habere
1152 2961 1323 3026 hundreda
1344 2961 1385 3026 de
1412 2960 1611 3040 Holdslawe,

409 3062 588 3144 Pokebroc,
604 3063 638 3128 N
639 3063 908 3151 orthnsvyslund,
929 3062 1216 3143 Suthharislunde,
1230 3073 1264 3129 et
1283 3063 1477 3144 Navesford,
1492 3087 1555 3150 que
1569 3065 1611 3129 ad

408 3167 518 3253 ipsum
530 3166 699 3232 dominum
715 3169 837 3252 Regem
852 3176 886 3232 et
900 3187 1053 3234 coronam
1063 3188 1155 3234 suam
1163 3167 1339 3253 pertinent,
1350 3168 1420 3232 sine
1431 3167 1563 3233 licencia
1577 3178 1611 3232 et

408 3273 577 3338 voluntate
591 3271 695 3358 ipsius
710 3271 835 3337 domini
858 3270 969 3357 Regis,
984 3271 1036 3338 vel
1050 3271 1313 3357 predecessorum
1330 3294 1463 3338 suorum
1485 3274 1610 3358 Regum

407 3375 536 3460 Anglie‚
551 3385 612 3439 etc.

451 3477 498 3540 Et
512 3475 612 3540 abbas
626 3497 685 3562 per
699 3484 898 3540 attometum
914 3497 1010 3541 suum
1025 3475 1125 3542 venit.
1169 3475 1216 3540 Et
1230 3476 1336 3560 quoad
1347 3475 1513 3560 prisonem
1526 3474 1611 3540 infra

409 3577 587 3642 manerium
603 3597 700 3642 suum
715 3575 755 3640 de
771 3577 892 3661 Burgo,
907 3575 1089 3662 dicitquod
1111 3577 1182 3664 ipse
1208 3587 1241 3642 et
1263 3577 1509 3664 predecessores
1524 3575 1610 3641 suis

409 3692 554 3766 tempore
570 3702 588 3743 a
603 3701 668 3765 quo
684 3701 751 3743 non
766 3688 856 3743 extat
870 3680 1025 3744 memoria
1046 3679 1214 3765 hucusque
1229 3700 1358 3765 semper
1379 3678 1482 3763 gavisi
1508 3686 1543 3744 et
1556 3680 1609 3744 usi

410 3793 487 3851 sunt
513 3782 656 3868 predicta
677 3780 819 3866 prisona.
872 3779 919 3844 Et
948 3780 1027 3845 dicit
1048 3782 1136 3865 quod
1159 3782 1331 3868 justiciarii
1359 3781 1484 3846 domini
1510 3783 1609 3869 Regis

408 3887 530 3953 debent
539 3885 704 3972 prisonem
712 3882 801 3952 illem
812 3880 999 3961 deliberare,
1009 3881 1105 3946 salvis
1114 3882 1248 3947 domino
1261 3881 1342 3968 Regi
1353 3883 1609 3950 amerciamentis

409 3991 485 4056 inde
509 3985 787 4076 provenientibus.
832 3985 884 4050 Ita
913 3984 1055 4070 quodsi
1084 3983 1236 4050 dominus
1252 3987 1323 4051 Rex
1347 3986 1428 4054 velit
1457 3989 1609 4053 mandare

408 4092 556 4181 prisonas
581 4088 726 4178 predicte
750 4086 882 4174 prisone
906 4085 948 4151 sd
968 4086 1160 4154 comitatum
1186 4088 1436 4170 Norhamtonie‚
1450 4090 1502 4156 vel
1522 4089 1608 4168 alibi,
