3812 5030
403 562 424 618 4
723 575 938 622 canonicos
963 569 1288 622 rrrnoausosssr.

278 717 391 770 M⁰¹¹¹¹l
449 727 524 792 Hoc
538 749 624 792 anno
640 728 702 793 due
717 728 794 794 lune
804 729 874 794 vise
889 729 1015 793 suntin
1030 728 1110 793 celo.

267 824 391 874 Monam.
449 829 524 894 Hoc
542 851 639 909 anno,
654 830 828 896 Dominica
841 831 876 895 in
892 829 1156 916 Quadragesima‚
1171 850 1234 915 que
1248 837 1318 895 erat
1330 827 1376 895 iii.
1391 828 1464 894 idus
1480 829 1602 896 Febru-

405 933 474 1014 arii,
494 933 577 999 circa
592 941 740 999 octavam
756 934 873 1014 noctis,
892 935 998 1000 celum
1020 933 1112 1019 quasi
1126 933 1210 1020 iguis
1228 943 1285 999 out
1310 933 1440 1020 sanguis
1466 935 1601 1000 effectus

404 1048 464 1102 est.

263 1132 392 1184 M⁰¹¹¹ffi
450 1141 524 1205 Hoc
538 1162 625 1205 anno
641 1140 798 1205 Ricardus
813 1138 902 1224 prior
916 1139 956 1204 de
972 1137 1104 1204 Doverc
1119 1139 1241 1204 electu·
1265 1147 1316 1204 est
1341 1137 1375 1203 in
1387 1138 1599 1225 archiepisco-

403 1263 480 1325 pum
499 1240 683 1322 cantuarie,
705 1249 739 1305 et
762 1240 804 1305 ad
826 1241 966 1305 Romam
992 1249 1197 1305 consecratus
1223 1250 1284 1320 est,
1299 1248 1333 1305 et
1347 1261 1455 1306 comes
1470 1241 1601 1306 Leices-

404 1343 464 1408 trie
479 1365 553 1409 cum
570 1343 822 1409 Flandrensibus
837 1353 951 1429 captus
966 1352 1017 1409 est
1031 1343 1118 1428 apud
1133 1343 1290 1408 Sanctum
1304 1343 1546 1408 Eadmundum.

281 1431 391 1485 *¹⁰¹³*
446 1446 630 1512 Willelmus
651 1447 752 1513 abbas
764 1448 804 1512 de
820 1448 929 1533 Burgo
945 1446 1128 1533 deponitur.
1172 1447 1324 1512 Diluvius
1335 1446 1374 1512 fit
1387 1468 1446 1533 per
1461 1447 1599 1512 Hoilon·

403 1549 500 1615 diam.

268 1646 389 1696 Mclxxvi.
447 1652 629 1718 Concordia
643 1653 727 1717 lacta
742 1661 793 1716 est
816 1653 901 1718 inter
926 1651 1139 1738 apostolicum
1156 1651 1379 1719 Alexandrum
1404 1662 1438 1719 et
1462 1653 1600 1740 impera-

403 1765 507 1818 torem
523 1753 756 1817 Frethericum.

262 1848 387 1897 Melxxvii.
447 1855 645 1920 Benedictus
671 1855 759 1940 prior
775 1854 948 1920 cantuarie
962 1855 997 1918 iu
1020 1855 1171 1922 abbatem
1187 1857 1288 1941 Burgi
1301 1857 1423 1922 electus
1446 1868 1498 1923 est
1512 1857 1599 1942 apud

403 1955 617 2035 wintoniam,
632 1955 711 2019 etin
726 1955 778 2020 die
792 1955 1036 2040 Assumptionis
1052 1965 1162 2022 sancte
1178 1957 1283 2021 Marie
1297 1967 1456 2041 receptus.

249 2052 388 2102 M⁰¹¹¹'ffi·
446 2058 503 2123 Sol
526 2058 560 2122 in
585 2056 821 2123 semicirculum
844 2059 948 2122 factus
963 2065 1014 2121 est
1033 2056 1074 2121 ab
1098 2058 1179 2122 hora
1203 2069 1248 2122 vt
1264 2079 1367 2143 usque
1390 2059 1431 2123 ad
1456 2059 1510 2123 vii.
1525 2059 1600 2124 idus

396 2161 614 2248 ¹Septembris.

266 2255 387 2304 Melum.
445 2263 638 2330 Lodowicus
664 2281 721 2328 rex
745 2259 880 2328 Francia
905 2259 1038 2325 intravit
1060 2259 1096 2324 in
1110 2261 1259 2346 Anglinm
1283 2263 1323 2326 ad
1348 2273 1496 2328 sanctum
1509 2265 1599 2329 'l'ho-

181 2321 388 2432 dlfxddiilspvii‘
400 2391 496 2433 mam.
541 2367 669 2433 Eodem
691 2387 777 2430 anno
800 2364 892 2429 obiit.
937 2362 1100 2428 Successit
1123 2363 1294 2449 Philippus
1316 2364 1403 2429 filius
1425 2366 1506 2450 ejus.
1551 2366 1597 2430 Et

180 2450 371 2572 ffiffffiss
399 2471 462 2535 hoc
476 2489 562 2534 anno
577 2475 703 2532 mutata
716 2476 767 2532 est
781 2475 913 2531 moneta
927 2465 988 2529 sub
1002 2485 1076 2550 rege
1093 2465 1246 2532 Henrico.

180 2581 245 2640 apud
258 2580 353 2627 latera·

181 2659 248 2692 num.

278 2708 386 2757 Melus.

263 2773 385 2820 Mclxxxi.
395 2797 398 2804 ·

257 2836 386 2885 Mclxxxii.

245 2999 386 3049 Melxxxin.
443 2981 537 3046 Obiit
558 2979 722 3045 Henricus
739 2978 783 3042 iii.
800 3001 868 3062 rex,
883 2980 968 3046 filius
986 2981 1120 3046 Henrici
1134 2980 1228 3067 regis.
1273 2979 1436 3046 Walterus
1451 2981 1492 3047 de
1508 2982 1595 3050 Con-

401 3085 524 3150 stancia
538 3084 643 3148 fectus
655 3092 706 3148 est
721 3083 893 3169 episcopus
909 3084 1090 3150 Lincolnie.

239 3202 386 3252 Meuxxinr.
443 3186 519 3250 Hoc
533 3205 618 3249 anno
634 3183 716 3249 obiit
730 3185 888 3249 Ricardus
904 3184 1080 3251 Cantuarie
1095 3185 1367 3271 archiepiscopus.

255 3299 384 3348 Melxxxv.
440 3287 624 3354 Patriarcha
638 3286 819 3350 Jerusalem
833 3287 971 3352 venitin
987 3289 1147 3374 Angliam,
1174 3303 1208 3354 et
1221 3298 1414 3352 terremotus
1428 3290 1532 3354 factus
1545 3300 1597 3355 est

178 3365 375 3490 ffissffim
399 3413 545 3478 magnus,
569 3401 603 3454 et
625 3388 832 3452 Baldewinus
858 3391 962 3454 factus
988 3401 1040 3455 est
1064 3391 1324 3476 archiepiscopus
1355 3390 1539 3471 Cantuarie,
1561 3401 1595 3456 et

398 3492 576 3580 patriarcha
589 3490 612 3556 J
613 3489 872 3556 erosolimitanus
886 3491 1023 3555 venitin
1038 3493 1200 3577 Angliam.

245 3619 381 3668 Meneni.
443 3598 542 3682 Hugo
567 3595 606 3660 fit
635 3593 807 3678 episcopus
834 3594 1014 3659 Lincolnie.
1060 3593 1153 3659 Obiit
1184 3595 1349 3660 Galfridus
1379 3616 1487 3660 comes
1514 3595 1593 3661 Bre-

396 3700 517 3779 tennie,
528 3708 620 3783 pater
635 3697 757 3761 Arturi.

244 3815 382 3864 Melmvii.
439 3803 620 3868 Jerusalem
644 3801 770 3886 cupitur
792 3822 866 3865 cum
888 3800 993 3868 cruce
1008 3799 1145 3867 Domini
1174 3802 1384 3882 sSareoenis,
1401 3801 1593 3869 Christianis

204 3907 266 3972 (soz.
279 3908 325 3954 Ιπ-
337 3902 380 3967 v⁰·)
396 3906 573 3972 interfectis
588 3906 623 3969 in
637 3905 724 3969 bello
739 3926 799 3989 per
813 3904 1035 3989 prodicionem
1051 3905 1178 3970 comitis
1193 3905 1396 3990 Tripolitani.

232 4035 384 4088 Murrum.
441 4010 516 4075 Hoc
527 4031 612 4074 anno
629 4009 833 4074 Frethericus
857 4009 1043 4092 imperator,
1058 4018 1092 4073 et
1116 4031 1171 4074 rex
1190 4008 1363 4090 Henricus‚
1383 4019 1416 4075 et
1431 4011 1524 4077 multi
1539 4013 1593 4078 alii

398 4113 610 4200 crucesignati
626 4121 713 4178 sunt.
