3938 5022
413 623 456 680 60
732 633 947 678 cnnosrcon
966 631 1289 676 rarnonunossss.

413 789 522 873 Regis,
537 797 769 852 concesserunt
784 786 870 872 quod
886 785 957 869 ipsa
980 782 1219 868 quintadecima
1237 781 1382 846 solvatur
1404 781 1514 865 aliquo
1530 802 1620 845 com-

413 891 539 976 petenti
555 890 694 954 termino
709 889 789 954 citra
806 889 938 952 Pascha.

193 1005 402 1056 Pcrciosseunda.
459 994 608 1057 Secunda
622 991 741 1078 peticio
764 991 827 1055 fuit
852 991 939 1076 quod
955 1012 1069 1054 omnes
1085 989 1220 1074 predicti
1245 989 1462 1054 concederent
1486 989 1620 1054 domino

194 1209 333 1271 Responsio.

198 1623 288 1670 Peticio
300 1623 380 1670 tercio.

416 1096 496 1181 Regi
512 1096 618 1160 adhuc
634 1095 673 1159 de
688 1116 776 1158 novo
791 1093 949 1158 decimam
965 1094 1062 1156 trium
1079 1115 1238 1156 annorum
1254 1093 1450 1157 futurorum.

458 1199 511 1262 Ad
538 1220 634 1284 quam
660 1197 855 1283 peticionem
881 1197 943 1260 fuit
964 1218 1169 1281 responsum,
1199 1197 1285 1281 quod
1313 1197 1376 1262 hoc
1405 1195 1496 1260 nullo
1520 1195 1621 1260 modo

414 1311 593 1388 potuerunt
627 1311 700 1365 tum
726 1311 859 1386 propter
882 1301 1004 1365 honera
1038 1311 1072 1363 et
1097 1300 1282 1385 gravamina
1308 1321 1371 1384 que
1396 1311 1624 1385 precesserunt

416 1418 450 1470 et
471 1406 578 1470 adhuc
599 1405 746 1470 recencia
769 1404 888 1468 durant
914 1404 999 1467 ultra
1025 1403 1158 1466 modurn
1190 1402 1392 1488 oppressiva,
1421 1414 1493 1466 tum
1525 1401 1623 1466 etiam

417 1509 491 1596 quia
507 1530 573 1573 non
587 1503 805 1592 possunthoc
820 1501 996 1567 concedere
1010 1500 1144 1565 domino
1159 1523 1244 1586 papa
1258 1501 1454 1566 inconsulto.

460 1611 570 1676 Tertia
584 1609 704 1696 peticio
719 1606 783 1670 fuit
803 1605 891 1692 quod
907 1604 1044 1690 predicti
1066 1605 1329 1690 archiepiscopus
1345 1615 1379 1669 et
1405 1605 1503 1671 ceteri
1525 1604 1623 1670 armi-

418 1738 511 1801 geros
526 1736 604 1779 suos
619 1735 677 1778 seu
691 1711 816 1776 valetus
830 1731 890 1794 pro
902 1709 1055 1793 qualitate
1070 1719 1105 1772 et
1119 1708 1298 1794 quantitate
1312 1708 1473 1773 bonorum
1489 1730 1621 1774 suorum

419 1819 679 1883 transmitterent
708 1814 748 1878 ad
763 1811 916 1876 Walliam
932 1811 965 1874 in
992 1811 1191 1894 adjutorium
1215 1811 1339 1875 domini
1355 1812 1454 1896 Regis
1478 1811 1520 1875 ad
1540 1833 1623 1897 pug-

419 1921 575 1998 nandum,
591 1917 642 1982 vel
666 1914 855 2000 hujusmodi
877 1913 1157 1977 transmissionem
1172 1913 1370 1978 redimerent
1393 1936 1453 1999 pro
1467 1913 1624 1999 peccunia

422 2021 555 2086 domino
570 2020 652 2104 Regi
663 2016 866 2086 destinanda.

466 2125 519 2188 Ad
535 2146 631 2209 quam
655 2121 853 2208 peticionem
878 2119 926 2183 sic
949 2119 1013 2183 fuit
1027 2139 1233 2203 responsum,
1247 2119 1410 2199 videlicet,
1437 2121 1525 2205 quod
1549 2143 1624 2186 cum

422 2227 601 2292 secundum
613 2235 787 2309 utrumque
792 2225 847 2310 jus
857 2222 1004 2287 divinum
1015 2237 1049 2288 et
1058 2222 1247 2286 canonicum
1258 2225 1446 2308 prosecucio
1459 2224 1624 2308 sanguinis

422 2354 481 2396 seu
495 2329 683 2395 interfeccio
697 2327 868 2392 hominum
879 2326 922 2390 sit
933 2327 1019 2390 clero
1035 2324 1166 2410 penitus
1178 2324 1370 2405 interdicta3
1385 2325 1448 2411 ipsi
1458 2327 1499 2391 ad
1509 2327 1624 2412 hujus·

424 2433 512 2498 modi
522 2432 802 2497 transmissionem
812 2429 1043 2514 armigerorum
1059 2450 1117 2492 seu
1132 2427 1335 2506 valletorum,
1348 2450 1406 2492 seu
1421 2428 1462 2492 ad
1474 2428 1623 2514 redemp-

424 2537 550 2601 cionem
574 2534 678 2619 ipsius
694 2531 961 2610 transmissionis,
988 2531 1078 2595 nullo
1100 2530 1198 2595 modo
1223 2529 1419 2595 tenebantur
1433 2553 1494 2596 neo
1508 2543 1625 2617 potue·

426 2647 513 2714 runt,
529 2648 600 2698 tum
614 2646 750 2720 propter
760 2633 844 2718 juris
863 2632 1161 2716 inpossibilitatem,
1177 2643 1247 2696 tum
1263 2643 1398 2717 propter
1421 2645 1533 2697 notam
1547 2637 1627 2700 irre·

422 2737 613 2825 gularitntis,
635 2759 732 2822 quam
758 2736 829 2800 sine
853 2734 952 2799 dubio
977 2735 1189 2815 incurrerent,
1213 2735 1241 2798 si
1267 2737 1421 2820 peticioni
1436 2735 1626 2822 hujusmodi

423 2842 677 2928 adquiescerent.

468 2945 572 3031 Super
582 2945 645 3008 hiis
661 2945 773 3008 etaliis
783 2944 991 3009 consulendis
1006 2954 1040 3008 et
1053 2943 1149 3008 certis
1165 2943 1431 3029 responsionibus
1447 2945 1574 3026 dandis,
1586 2967 1625 3011 eo

424 3049 511 3133 quod
534 3071 648 3114 omnes
664 3048 779 3133 prelati
802 3049 858 3133 qui
873 3049 1001 3112 fuerant
1016 3047 1105 3112 citati
1120 3069 1185 3112 non
1209 3059 1301 3112 erant
1316 3058 1394 3112 tunc
1408 3047 1528 3114 ibidem
1552 3072 1624 3137 pre·

425 3163 545 3231 sentes,
568 3147 730 3236 assignata
754 3161 806 3216 est
829 3151 898 3215 dies
921 3151 956 3214 in
979 3161 1044 3216 tres
1069 3151 1267 3235 septimanas
1292 3161 1370 3237 post
1392 3152 1516 3217 Pascha
1539 3154 1626 3239 apud

426 3255 623 3320 Londonias.
669 3255 796 3320 Eodem
814 3277 891 3319 vero
914 3266 1060 3340 tempore
1082 3254 1171 3318 citati
1192 3257 1325 3320 fuerunt
1345 3277 1458 3321 omnes
1475 3257 1515 3320 ad
1538 3279 1627 3321 arma

427 3369 575 3441 potentes
590 3371 623 3422 et
637 3369 731 3443 aptos
747 3360 802 3443 qui
816 3358 1002 3423 habuerunt
1017 3380 1085 3422 .xx.
1101 3358 1232 3422 libratas
1248 3368 1343 3437 terre,
1359 3359 1445 3442 quod
1460 3380 1625 3443 compare·

425 3471 497 3522 rent
510 3459 631 3522 ibidem
648 3459 700 3522 die
715 3459 912 3543 supradicto,
928 3460 988 3522 sub
1005 3460 1064 3522 hsc
1079 3461 1192 3523 forma.

468 3557 647 3623 Edwardus
677 3559 740 3623 Dei
776 3562 878 3644 gratia
914 3559 1096 3623 vicecomiti
1133 3559 1381 3637 Norhnmtonie,
1418 3569 1479 3624 eto.
1540 3559 1627 3625 Quia

425 3659 607 3726 Lewelinus
622 3671 685 3725 ete.
693 3669 846 3744 utsupra.
871 3661 945 3724 Tibi
960 3661 1157 3746 precipimus
1172 3661 1308 3725 firmiter
1316 3662 1522 3745 injungentes
1537 3663 1626 3747 quod

426 3761 536 3826 venire
550 3761 648 3826 facias
664 3785 772 3828 coram
798 3762 894 3827 nobis
909 3763 944 3826 in
960 3762 1084 3826 octabis
1109 3763 1213 3827 sancti
1229 3763 1330 3826 lllsrii
1352 3763 1440 3847 apud
1464 3763 1627 3828 Norham-

425 3865 559 3943 tunium,
574 3875 632 3928 aut
651 3887 759 3929 coram
776 3864 926 3930 fidelibus
947 3864 1069 3929 nostris
1085 3887 1168 3949 quos
1183 3866 1224 3929 sd
1240 3866 1302 3929 hoc
1317 3865 1507 3930 duxerimus
1522 3867 1626 3954 depu-
1703 3930 1706 3934 .

424 3967 552 4048 tandos,
567 3989 681 4032 omnes
695 3968 768 4032 illos
792 3968 833 4034 de
848 3967 965 4032 balliva
988 3977 1046 4031 tua
1065 3967 1105 4031 ad
1132 3990 1221 4032 arma
1243 3978 1395 4054 potentes
1411 3979 1445 4036 et
1459 3982 1554 4057 aptos
1569 3972 1626 4057 qui

424 4069 545 4135 habent
566 4093 620 4135 xx.
633 4071 764 4138 libratas
780 4081 863 4136 terre
886 4081 919 4136 et
935 4069 989 4156 qui
1004 4069 1176 4134 nobiscum
1196 4071 1230 4136 in
1246 4071 1457 4157 expedicione
1469 4085 1581 4140 nostrs
1591 4075 1623 4139 in
