3812 5030
618 659 829 705 onsouroou
848 659 1172 706 rernoaunorsss.
1454 646 1493 702 51

298 809 404 893 ipsam
419 808 537 874 curiam
556 809 730 876 Cantuarie
755 820 844 876 certo
859 811 921 878 die.
967 811 1096 880 Quibus
1120 811 1172 876 die
1198 819 1232 876 et
1256 809 1328 875 loco
1350 807 1496 895 partibus

298 911 470 978 antedictis
494 924 533 976 ut
561 935 660 998 supra
685 914 949 1000 comparentibus
961 940 971 996 3
1007 924 1158 1000 porrecto
1185 914 1320 979 articulo
1341 913 1376 977 in
1402 935 1498 978 causa

298 1015 527 1100 appellacionis
550 1016 785 1103 productisque
809 1041 828 1082 a
851 1019 939 1083 dicta
960 1027 1053 1104 parte
1090 1019 1274 1104 appellante
1304 1015 1497 1102 quibusdam

298 1116 438 1182 testibus
453 1119 494 1184 ad
518 1118 736 1204 probandum,
763 1131 863 1206 prout
887 1122 988 1187 moris
1003 1131 1054 1186 est
1079 1122 1114 1186 in
1139 1123 1228 1187 curis
1252 1121 1307 1186 illa
1321 1119 1498 1206 probanda,

298 1239 357 1303 pro
372 1219 514 1284 tuicione
525 1220 756 1306 appellacionis
768 1223 956 1307 optinenda,
971 1223 1101 1289 demum
1120 1245 1217 1308 super
1231 1219 1498 1287 attestacionibus

298 1342 409 1386 eorum
422 1324 617 1408 pupplicatis
626 1324 737 1389 habita
751 1325 836 1389 inter
846 1335 955 1410 partes
971 1326 1199 1406 altercacione3
1215 1348 1289 1391 cum
1299 1325 1405 1390 dictus
1416 1323 1499 1387 Wil-

297 1422 414 1488 lelmus
425 1424 597 1511 Campyun
608 1426 825 1511 perpenderet
836 1427 955 1490 dictum
964 1437 1090 1512 partem
1105 1419 1322 1512 appellantem
1338 1424 1498 1489 sufficien-

298 1533 349 1589 ter
372 1525 528 1610 probasse
553 1549 615 1612 quc
641 1528 676 1591 in
701 1529 774 1613 ipsa
792 1527 881 1593 curia
906 1529 1081 1593 Cantuarie
1103 1529 1138 1592 in
1163 1530 1224 1592 hec
1247 1538 1339 1612 parte
1362 1526 1498 1611 probare

209 1624 214 1636 '
251 1624 274 1684 ἰ
299 1627 499 1708 intendebat,
512 1630 801 1712 (attestscionibus)
822 1631 969 1715 ejusdem
985 1631 1086 1715 partis
1101 1631 1294 1716 appellantis
1309 1627 1499 1713 prenotatis,

299 1729 454 1795 licetsine
469 1732 609 1816 scriptis,
625 1733 742 1797 detulit
757 1742 791 1796 et
801 1733 906 1798 eidem
922 1733 1006 1817 parti
1026 1733 1200 1818 appellanti
1215 1732 1249 1795 in
1269 1731 1421 1808 crastino,
1435 1749 1499 1814 qua

299 1841 447 1896 cantatur
468 1835 603 1901 “Quasi
626 1836 725 1900 modo
747 1836 882 1921 geniti,''
904 1836 938 1899 in
961 1835 1049 1900 curia
1075 1837 1224 1900 Romana
1246 1835 1331 1899 diem
1356 1830 1498 1918 prefixit,

298 1935 339 1998 ad
354 1935 537 2001 faciendum
563 1947 597 2002 et
610 1938 831 2023 recipiendum
858 1939 892 2002 in
916 1938 1084 2024 premissis
1109 1937 1197 2023 quod
1219 1937 1399 2023 postularet
1418 1935 1498 2000 ordo

298 2037 445 2102 racionis.
510 2039 639 2105 Quibus
669 2039 826 2104 dilacione
853 2062 890 2104 ao
916 2037 1095 2126 prefixione
1120 2040 1225 2119 lactis,
1258 2059 1412 2104 concessa
1436 2035 1499 2100 luit

298 2141 407 2204 statim
426 2140 511 2208 dicte
526 2141 609 2226 parti
620 2142 796 2227 appellanti
810 2143 920 2222 tuicio,
935 2151 1035 2226 prout
1046 2143 1144 2206 moris
1156 2153 1207 2207 est
1221 2142 1307 2206 curie
1323 2139 1498 2205 Cantuarie

298 2243 471 2330 sepedicta,
487 2253 521 2308 et
535 2245 678 2330 provisio
693 2245 778 2310 lacta
792 2247 832 2310 de
844 2246 991 2310 Ecclesia
1003 2247 1043 2310 de
1054 2245 1218 2330 cloptona
1233 2245 1320 2309 dicto
1332 2243 1497 2307 Willelmo

300 2347 461 2434 Campiun
488 2369 546 2432 per
571 2348 762 2433 episcopum
781 2349 943 2432 prefatum
970 2358 1004 2413 et
1030 2370 1231 2433 quecumque
1254 2369 1295 2412 ex
1318 2369 1356 2412 ea
1378 2345 1431 2410 vel
1455 2346 1497 2410 ob

298 2473 367 2515 earn
397 2453 486 2517 fuere
513 2449 687 2516 subsecuta
720 2451 898 2515 extiterunt
923 2471 981 2535 per
1010 2449 1146 2515 eandem
1176 2449 1297 2514 curiam
1325 2448 1498 2513 Cantuarie

297 2552 439 2617 totaliter
460 2561 621 2631 revocata,
636 2573 674 2616 ac
693 2551 783 2615 irrite
798 2551 1012 2636 pronunciata
1035 2551 1198 2636 pendente
1217 2550 1360 2616 tuicione
1386 2571 1496 2634 supra·

297 2656 392 2720 dicta.
427 2656 629 2740 Hujusmodi
640 2676 770 2742 quoque
781 2655 947 2720 revocecio
958 2655 992 2718 in
1002 2655 1136 2720 ecclesia
1150 2656 1190 2720 de
1207 2655 1369 2740 Cloptona
1382 2661 1417 2719 et
1427 2653 1497 2717 eliis

296 2757 410 2820 vicinis
436 2757 579 2821 ecclesiia
614 2757 807 2824 auctoritate
837 2757 923 2822 dicte
952 2757 1040 2823 curie
1075 2757 1248 2822 Cantuarie
1276 2757 1341 2821 fuit
1368 2756 1497 2842 puplice

296 2861 443 2944 exposita
457 2881 494 2924 ac
509 2861 682 2946 puplicate.

339 2961 385 3024 Et
409 2961 455 3023 rio
481 2961 522 3023 ad
551 2963 672 3026 curiam
692 2963 874 3027 Romanam
900 2971 952 3026 est
981 2983 1079 3047 super
1102 2961 1237 3047 negocio
1263 2961 1409 3046 predicto
1426 2963 1495 3046 jam

296 3070 500 3145 perventum,
529 3062 570 3124 ad
600 3084 696 3146 quam
727 3063 849 3126 curiam
879 3063 1000 3126 missus
1030 3063 1092 3126 fuit
1120 3062 1274 3147 magister
1300 3061 1495 3126 Lambertus

297 3164 337 3225 de
362 3162 563 3241 Fislrertone‚
586 3173 620 3227 et
645 3165 831 3228 consultum
857 3164 921 3227 fuit
945 3163 976 3227 ei
1001 3173 1039 3226 ut
1053 3175 1129 3228 ante
1151 3163 1260 3227 omnia
1281 3164 1447 3228 resisteret
1461 3163 1495 3228 in

297 3265 384 3328 curia
400 3267 547 3330 Romana
569 3287 610 3329 ne
636 3266 807 3350 negocium
832 3267 1014 3351 predictum
1034 3267 1068 3330 in
1090 3267 1162 3351 ipsa
1184 3266 1271 3330 curis
1293 3273 1495 3332 tractaretur.

294 3369 379 3432 Τιιω
403 3369 477 3453 quia
502 3391 569 3434 non
599 3377 650 3434 est
675 3391 694 3432 a
720 3368 907 3454 provisione
936 3369 1021 3432 lecta
1049 3368 1268 3454 principaliter
1296 3368 1493 3454 appellatum

295 3472 352 3535 sed
374 3493 394 3535 a
418 3473 602 3557 gravamine
623 3471 817 3538 cassacionis
840 3472 1069 3558 exceptionum
1092 3471 1309 3556 predictarum
1334 3470 1441 3557 primo
1461 3483 1495 3538 et

294 3573 512 3658 principaliter
523 3573 721 3660 appellatum
737 3574 869 3654 existit;
887 3583 957 3639 tum
973 3574 1070 3639 etiam
1083 3573 1158 3660 quia
1173 3572 1295 3638 delacio
1310 3583 1344 3638 et
1358 3573 1493 3659 prefixio

294 3675 437 3760 predicte
457 3697 524 3740 non
539 3676 573 3740 in
588 3676 660 3761 ipso
680 3678 747 3743 ictu
762 3677 992 3764 appellacionis
1007 3677 1185 3762 interjecte,
1204 3697 1241 3741 ac
1262 3699 1369 3742 coram
1383 3678 1493 3762 judice

293 3798 391 3862 aquo
414 3778 612 3862 appellatum
634 3789 695 3860 est,
722 3780 779 3846 sed
804 3800 863 3864 per
884 3801 1036 3862 magnum
1062 3777 1266 3842 intervallum
1290 3789 1414 3864 postea,
1434 3803 1493 3866 per

292 3901 439 3945 mensem
472 3891 506 3945 et
534 3881 683 3965 emplius,
713 3904 820 3947 coram
856 3883 978 3946 decano
1008 3879 1048 3944 de
1089 3881 1241 3945 Arcubus
1271 3881 1305 3945 in
1336 3884 1492 3950 exercicio

292 4005 387 4048 cause
416 3983 646 4068 appellacionis
671 4005 730 4070 pro
756 3983 900 4070 predicta
925 3983 1067 4047 tuicione
1096 3984 1283 4069 optinendo,
1305 3996 1339 4050 et
1361 4007 1395 4051 re
1424 4010 1491 4054 non

292 4085 416 4170 integra
444 4086 605 4151 existente
631 4097 707 4171 post
732 4087 967 4152 discussionem
996 4086 1099 4172 ipsius
1125 4087 1353 4173 appellacionis
1374 4111 1491 4171 cause;

293 4197 327 4253 et
350 4186 392 4252 ob
415 4189 492 4253 alias
515 4189 660 4256 raciones
683 4212 762 4275 quas
786 4190 892 4254 dictus
921 4189 1075 4274 magister
1104 4190 1138 4254 in
1168 4191 1227 4256 hac
1257 4201 1346 4276 parte
1375 4193 1492 4258 viderit
