3894 5024
421 589 482 647 168
918 607 1118 652 Arrhnnrx.

417 772 464 830 die,
475 780 500 818 et
511 772 546 820 .ii.
558 771 644 819 solidos
655 772 686 820 de
695 773 811 821 solidatis.
845 773 878 821 Et
888 775 1047 821 cementarius
1054 776 1145 822 vietum
1153 774 1244 832 militie,
1261 779 1286 821 et
1301 789 1334 822 ,ι
1349 774 1437 822 solidos
1453 775 1484 822 de
1500 775 1615 825 solidetis.

417 854 451 902 Et
471 855 554 901 Lazari
572 856 661 903 debent
680 857 767 904 habere
785 857 841 904 ‚xvi
860 871 934 916 panes
944 857 1018 916 albos,
1037 863 1062 904 et
1080 859 1138 906 .xvi.
1156 859 1225 906 bisoe.
1259 857 1291 904 Et
1310 858 1335 903 in
1355 859 1463 918 quinque
1482 860 1567 906 diebus
1585 862 1616 907 de

415 938 513 983 cervisie
531 938 659 984 dimidium
676 939 784 985 modium
803 938 968 986 Lundonierii.
1002 939 1034 986 Et
1051 945 1108 986 sunt
1125 940 1185 987 nih.
1198 940 1289 997 laseri,
1300 946 1324 986 et
1335 941 1376 988 .iii.
1388 941 1515 988 malentes
1533 957 1615 988 eorum

416 1018 441 1063 in
452 1019 565 1080 hospicio.
601 1020 633 1066 Et
643 1020 754 1067 monsohi
765 1021 855 1066 debent
865 1021 953 1067 hebere
964 1021 1052 1067 ootidie
1065 1021 1140 1068 mlvii.
1153 1022 1215 1067 bisos
1225 1035 1298 1081 penes
1308 1023 1340 1068 ed
1351 1022 1491 1069 elemosinas
1501 1037 1563 1071 sues.

195 1099 254 1165 (sol.
266 1100 333 1151 eiiii.
344 1103 390 1166 τι.)
429 1096 548 1163 lSumme
558 1102 719 1162 predictorum
736 1102 890 1148 servientium
907 1102 951 1150 .xl.
968 1109 992 1149 et
1009 1117 1039 1149 ex
1056 1103 1103 1149 illis
1117 1109 1174 1150 eunt
1186 1117 1253 1151 m.
1265 1103 1295 1150 ed
1307 1117 1388 1164 pena,
1399 1108 1423 1150 et
1441 1118 1475 1151 .x.
1487 1105 1519 1150 ad
1535 1105 1614 1152 blada.

414 1181 515 1229 Summa
531 1184 556 1230 in
567 1183 695 1229 elemosine
705 1184 834 1230 eonstitnts
845 1185 870 1230 in
882 1184 921 1231 die
932 1184 963 1230 de
975 1184 1070 1230 laseris
1086 1189 1111 1231 et
1126 1185 1254 1232 elemosina
1269 1185 1450 1238 monachornm,
1465 1191 1550 1245 qnater
1562 1200 1613 1233 .xx.

414 1276 495 1322 panes.
530 1263 562 1311 Et
572 1271 660 1324 preter
669 1265 715 1312 hoe
725 1265 854 1312 oonstitnta
865 1265 992 1311 elemosina
1003 1264 1097 1310 Emulfl
1107 1265 1199 1310 abbatis
1210 1269 1234 1311 et
1248 1264 1366 1311 Johmnis
1377 1266 1433 1312 ‚xvi
1444 1279 1517 1326 penes
1528 1267 1553 1312 in
1565 1268 1614 1314 die.

448 1344 481 1391 Et
492 1345 517 1392 in
528 1347 636 1393 eorredio
646 1347 817 1394 monoohorum
829 1347 854 1392 in
865 1347 966 1408 singulis
976 1347 1115 1393 ebdomadis
1125 1346 1150 1392 in
1159 1360 1221 1406 pane
1234 1346 1287 1394 aii.
1299 1346 1432 1392 sohersetoe
1443 1347 1473 1393 de
1483 1347 1613 1398 lrnmento.

418 1509 453 1557 .ii.
465 1523 557 1557 meroes
566 1510 686 1571 tergenti*

681 1640 742 1687 Heeo
752 1647 787 1687 est
798 1640 932 1700 Descriptio
943 1639 1050 1687 Militum
1060 1639 1091 1686 de
1102 1638 1207 1686 Abbetis
1217 1639 1247 1686 de
1256 1639 1346 1700 Burgo.

448 1741 580 1788 Ashetillns
590 1744 621 1789 de
632 1741 720 1790 Senoto
732 1741 847 1788 Mederdo
857 1747 924 1788 tenet
934 1740 965 1787 de
976 1741 1080 1787 Abbetie
1091 1742 1122 1787 de
1134 1740 1223 1798 Bnroh,
1235 1741 1260 1786 in
1272 1739 1453 1786 Hemtonssoirs
1462 1755 1497 1787 .x.
1505 1739 1581 1797 hides,
1591 1744 1615 1787 et

415 1823 460 1872 .iii.
472 1825 586 1883 pertesi.
599 1825 681 1885 virgeo.
715 1823 747 1869 Et
758 1824 784 1868 in
795 1822 973 1868 Linoolnesoiro
982 1821 1026 1868 .iii.
1038 1827 1179 1878 damoetas,
1191 1825 1215 1867 et
1225 1820 1282 1866 inde
1292 1821 1364 1866 servit
1374 1834 1399 1866 se
1412 1820 1450 1868 mi.
1462 1820 1546 1870 milite.
1581 1823 1614 1870 Et

415 1907 446 1954 de
456 1906 529 1952 leudo
539 1906 613 1966 th'us
624 1905 707 1952 militis
717 1905 785 1951 dedit
797 1905 849 1950 liex
861 1903 999 1950 Willelmue
1017 1903 1096 1949 senior
1112 1903 1210 1948 Eudoni
1221 1902 1335 1963 Dapliero
1354 1902 1379 1947 in
1391 1902 1481 1948 Fatona
1493 1903 1520 1950 .i.
1531 1903 1613 1950 hidam

415 1993 440 2034 et
450 1987 583 2045 dimidiam,
591 1995 615 2034 et
625 1987 749 2033 mondavit
759 1987 790 2032 de
797 1986 946 2032 Nor-mannis
956 1985 982 2030 in
993 1985 1108 2045 Angliam
1116 1985 1234 2045 Episeopo
1240 1984 1432 2031 Constantiamm
1442 1991 1466 2030 et
1474 1983 1613 2046 R(otberto)

415 2069 446 2114 de
457 2068 514 2113 0illi
525 2069 661 2128 perbreves
672 2082 727 2114 snoe
737 2073 766 2115 ut
776 2068 833 2114 inde
850 2068 936 2114 darent
952 2067 974 2112 ei
991 2066 1143 2112 excambium
1160 2067 1191 2112 ad
1203 2066 1284 2112 valens
1294 2067 1319 2112 in
1336 2079 1489 2128 quocumque
1500 2067 1571 2114 vellet
1582 2067 1613 2112 de

416 2149 461 2198 .iii.
473 2149 556 2196 vieinie
566 2150 718 2196 eomitatibus
730 2165 737 2207 ς
752 2149 794 2195 sed
806 2149 888 2195 Abbes
903 2147 990 2195 noluit.
1026 2146 1086 2205 (lete
1098 2146 1236 2193 Anhetillus
1247 2147 1332 2207 genuit
1343 2147 1483 2204 Ridendum,
1493 2153 1517 2194 et
1528 2148 1612 2195 Girar·

414 2231 483 2278 dnm.
517 2231 566 2278 Iste
576 2231 694 2278 (litardus
703 2231 788 2293 gennit
799 2231 939 2278 hebenum.
974 2229 1093 2276 liebertus
1104 2229 1188 2289 gennit
1199 2227 1366 2288 Mergaretnm,
1373 2243 1427 2288 quse
1438 2230 1516 2276 tenuit
1526 2236 1613 2276 terram

446 2411 462 2445 *
479 2411 518 2459 On
529 2413 571 2460 the
581 2412 637 2459 lolio
646 2411 671 2458 .i.
682 2425 756 2467 verso,
764 2409 790 2455 in
798 2409 840 2456 the
848 2408 949 2469 mergin,
958 2409 978 2454 is
986 2407 1034 2454 thie
1045 2407 1166 2466 insertion,
1176 2408 1201 2453 in
1210 2422 1225 2453 n
1232 2413 1313 2454 renent
1324 2407 1397 2464 hend,
1405 2408 1484 2454 under
1491 2409 1532 2455 the
1540 2409 1613 2456 head-

414 2495 456 2555 ing
467 2495 482 2519 “
491 2494 527 2540 De
538 2493 711 2540 eonsuetudine
722 2491 786 2539 beati
797 2491 888 2550 Petri,”
898 2491 914 2516 “
923 2489 961 2536 De
969 2489 1033 2535 Bure
1046 2504 1078 2536 .v.
1090 2488 1185 2536 solidos.
1216 2489 1253 2536 De
1262 2489 1402 2549 Keterlnges
1413 2504 1443 2536 .v.
1455 2489 1551 2538 solidos.
1575 2492 1613 2538 De

415 2574 511 2621 Undele
523 2574 558 2620 .ii.
571 2573 658 2619 solidos
668 2577 692 2618 et
704 2572 763 2619 .viii.
772 2571 881 2617 denarios
892 2575 916 2616 et
924 2584 984 2616 .oeo.
994 2583 1075 2629 penes.
1109 2570 1146 2616 De
1154 2569 1284 2616 Tinewelle
1296 2570 1330 2616 .il.
1339 2569 1434 2616 solidos.
1469 2570 1507 2617 De
1515 2571 1613 2632 lrtling-

413 2655 473 2699 bnro
486 2654 580 2700 mlii.
604 2651 856 2698 denarium—Summa
877 2649 1030 2695 denariorum
1043 2649 1109 2695 .xvii.
1121 2649 1191 2694 solidi
1209 2655 1234 2696 et
1252 2665 1284 2696 .v.
1302 2649 1402 2695 denarii.
1447 2649 1484 2696 De
1502 2651 1565 2712 'l'orp
1578 2668 1611 2701 .i.

413 2734 534 2780 multones
543 2737 568 2778 et
580 2746 613 2778 .x.
626 2731 695 2776 nlnes
706 2731 830 2790 depenno,
839 2735 863 2775 et
876 2744 909 2776 .x.
919 2729 1004 2784 disoos,
1013 2735 1037 2774 et
1047 2742 1092 2776 .oo.
1102 2743 1184 2788 panes.
1218 2729 1256 2775 De
1266 2728 1433 2776 Wermintone
1441 2745 1475 2777 .x.
1485 2732 1614 2790 multones,

413 2819 438 2860 et
450 2827 522 2860 .oooo.
534 2825 614 2874 penes,
625 2816 649 2857 et
661 2811 705 2858 orl.
717 2811 803 2857 diseoe.
838 2809 876 2856 De
893 2809 1030 2854 Alwoltona
1042 2823 1074 2856 .v.
1086 2808 1215 2864 multones,
1229 2815 1253 2856 et
1265 2825 1300 2857 .x.
1313 2810 1382 2856 nlnse
1399 2809 1429 2854 de
1441 2823 1529 2869 mnne,
1542 2818 1566 2858 et
1578 2829 1614 2862 .x.

413 2895 497 2951 discos,
508 2900 532 2942 et
542 2908 587 2942 .oo.
599 2907 679 2954 penes,
691 2897 715 2939 et
727 2892 769 2940 .xl.
781 2891 889 2952 gallinae.
925 2890 962 2936 De
973 2889 1087 2936 Flettnne
1099 2889 1152 2936 .iiii.
1164 2890 1323 2948 multonse,et
1334 2889 1441 2938 mulnss
1451 2893 1534 2951 penui,
1544 2899 1611 2944 et.r.

413 2977 498 3034 disens,
510 2984 534 3023 et
545 2990 587 3023 .eo
601 2989 683 3035 panes,
700 2979 725 3021 et
737 2987 770 3020 .x.
783 2973 892 3034 gellines.
926 2971 964 3018 De
980 2971 1133 3032 Stenewigge
1145 2987 1177 3019 .v.
1190 2972 1318 3020 multones.
1353 2972 1390 3018 De
1409 2971 1491 3020 (heire
1503 2989 1538 3022 .x.
1550 2977 1612 3023 mul·

413 3065 491 3116 tonas,
509 3064 533 3106 et
551 3073 603 3105 αα.
624 3057 694 3103 nlnes
709 3056 792 3116 panni,
809 3061 833 3101 et
845 3069 880 3102 .x.
893 3054 978 3112 dieoos,
997 3060 1022 3100 et
1033 3068 1104 3102 .oeoo.
1118 3068 1199 3115 penes.
1234 3055 1272 3101 De
1291 3054 1337 3100 Eis
1349 3055 1393 3101 .iii.
1405 3055 1532 3114 multones,
1542 3063 1567 3103 et
1579 3073 1611 3106 .v.

412 3141 482 3187 nlnes
491 3141 574 3202 penni,
585 3145 609 3187 et
620 3155 650 3188 .v.
661 3140 746 3185 disooe.
788 3137 825 3184 De
837 3137 954 3184 Glintona
966 3137 1025 3183 .oiii.
1037 3135 1164 3192 multones,
1182 3141 1207 3181 et
1224 3151 1259 3182 .x.
1272 3136 1342 3181 nlnss
1352 3137 1434 3196 panni,
1446 3142 1470 3183 et
1482 3152 1517 3186 α.
1529 3139 1613 3198 disooe,

412 3228 436 3269 et
448 3237 506 3270 .oee.
519 3237 601 3283 penes.
635 3221 673 3268 De
693 3219 856 3275 Widrintone,
867 3219 925 3265 nili.
938 3217 1067 3274 multones,
1079 3223 1104 3263 et
1116 3232 1151 3264 .x.
1161 3216 1231 3263 ulnas
1242 3217 1324 3277 penni,
1332 3221 1356 3263 et
1367 3232 1401 3265 .x.
1414 3218 1498 3276 discos,
1516 3225 1540 3266 et
1552 3235 1611 3270 .ooo.

411 3317 492 3364 penes,
505 3307 531 3349 et
543 3315 591 3348 .xv.
603 3300 712 3362 gallinas,
724 3305 748 3345 et
759 3313 803 3346 .oo.
814 3312 866 3344 ova.
901 3297 938 3343 De
950 3296 1063 3343 Waltone
1075 3311 1105 3344 ,ι
1115 3296 1241 3354 multones,
1261 3301 1285 3342 et
1297 3297 1356 3343 xiii.
1367 3297 1437 3343 ulnas
1449 3301 1533 3358 psum,
1542 3305 1567 3347 et
1578 3313 1612 3349 .x.

410 3385 518 3446 gellium,
529 3389 554 3431 ot
565 3397 598 3430 .x.
610 3383 696 3440 diseoe,
708 3387 732 3428 et
745 3395 790 3428 .oo.
803 3393 884 3440 panes,
892 3387 916 3426 et
928 3393 960 3426 .o.
973 3393 1024 3426 ova.
1057 3377 1126 3424 Inter
1136 3377 1273 3424 Vilrintona
1283 3383 1308 3424 et
1325 3377 1428 3425 Veltons
1440 3380 1484 3427 .iii.
1496 3389 1614 3430 oen-resen

411 3467 479 3527 ligni,
488 3471 512 3512 et
524 3465 582 3512 .oiii.
595 3465 677 3520 herbe,
689 3469 713 3510 et
725 3463 750 3510 .i.
761 3467 891 3509 comentem
900 3461 998 3522 J'nnei.”

445 3553 486 3602 On
503 3555 560 3600 lolio
578 3555 620 3602 .ix.
638 3567 711 3610 verso,
725 3553 751 3598 in
769 3551 810 3598 the
824 3551 926 3611 margin,
937 3565 977 3596 are
989 3550 1054 3597 these
1072 3550 1197 3596 insertione
1215 3551 1239 3595 in
1255 3563 1287 3595 an
1303 3547 1367 3609 early
1383 3549 1456 3606 hond,
1472 3551 1613 3614 oonteining

412 3636 542 3682 relerenoes
551 3641 577 3680 to
586 3635 628 3680 the
635 3633 752 3693 surveyol
759 3633 855 3679 Sontere
863 3631 911 3678 and
923 3629 1159 3692 Soeletorpz-'l'hns
1169 3645 1184 3676 e
1194 3629 1262 3676 merle
1274 3643 1331 3676 over
1338 3629 1462 3674 “Aeohe'·
1473 3630 1498 3674 in
1509 3630 1551 3676 the
1562 3637 1614 3681 text

412 3717 484 3763 relere
494 3721 519 3762 to
530 3715 577 3761 thie
587 3719 663 3774 entry,
674 3715 748 3761 “Odo
758 3715 852 3762 tenet.”
884 3713 994 3759 Another
1004 3711 1072 3758 merle
1083 3725 1139 3758 over
1149 3711 1214 3756 “filii
1223 3711 1352 3756 Godnini”
1362 3709 1435 3756 relers
1444 3716 1470 3756 ιο
1479 3711 1528 3756 this
1536 3719 1613 3775 entry,

412 3797 555 3844 “liebertus
565 3797 595 3842 de
607 3796 715 3844 Pheias·
747 3798 770 3843 Α
781 3795 846 3842 third
857 3793 926 3840 marli
938 3807 994 3839 over
1012 3792 1175 3839 “hrodin”
1185 3792 1257 3838 relers
1274 3797 1299 3836 to
1315 3791 1363 3836 this
1379 3797 1456 3852 entry,
1469 3793 1570 3841 “Adam
1581 3797 1613 3843 de

411 3879 564 3940 Soalthorp.”
596 3879 653 3925 Two
664 3879 744 3925 marks
754 3892 810 3925 over
820 3875 915 3921 “Suein
923 3876 939 3897 '⁸
949 3874 998 3919 and
1009 3873 1025 3898 “
1030 3871 1073 3917 lilii
1084 3871 1198 3917 Toeohe”
1208 3871 1270 3918 refer
1279 3877 1305 3918 ιο
1315 3872 1363 3918 this
1379 3879 1456 3934 entry,
1473 3877 1488 3901 ‘⁴
1496 3875 1526 3922 In
1539 3879 1612 3926 Villo.

411 3961 509 4021 nogio.’'
541 3960 565 4005 A
575 3959 638 4005 eixth
654 3958 723 4004 merle
739 3970 795 4003 over
811 3957 827 3980 “
835 3953 969 3999 liodbertus
979 3950 1066 3996 milee''
1080 3951 1153 3996 reiere
1163 3956 1188 3997 to
1198 3950 1246 3996 thie
1256 3957 1333 4012 enh-y,
1351 3956 1366 3980 ‘⁶
1373 3953 1508 4004 florbertus
1522 3959 1612 4009 Fauvgl

411 4042 504 4088 tenet.”
534 4040 611 4087 'l'hree
628 4039 708 4086 marks
723 4041 754 4099 by
769 4037 812 4083 the
824 4035 875 4081 side
888 4033 915 4080 ol
928 4035 944 4060 “
954 4033 1065 4094 Pagenus
1080 4033 1222 4092 presbiter,”
1237 4031 1352 4082 “Hereer
1368 4037 1399 4084 de
1415 4037 1548 4099 Linoolie,''
1563 4043 1612 4090 and

411 4121 540 4171 “hahillns
550 4123 679 4184 pisoetor,”
690 4121 752 4168 reler
762 4123 787 4165 to
797 4117 845 4164 thie
856 4121 933 4175 eutr-y,
945 4115 997 4161 “ln
1010 4114 1173 4176 Villenagio.”
