3938 5022
417 617 458 676 62
736 630 948 676 ennonrcos
967 629 1292 674 raraoaoncansa.

419 783 574 867 scriptum
594 782 659 846 fere
683 783 717 846 in
742 781 806 845 fine
832 781 905 846 libri
936 782 1115 866 presentis;
1141 780 1309 848 adomino
1331 777 1460 856 abbate,
1485 776 1619 844 domino

420 885 546 950 heredis
563 885 734 969 prenotati,
759 907 818 970 pro
835 885 958 952 sexcies
975 885 1089 970 viginti
1113 896 1147 950 et
1162 884 1304 969 quinque
1320 881 1435 948 marcis
1458 882 1619 966 prefatum

420 987 623 1072 maritagium
637 989 848 1074 comparavit.
894 987 1027 1073 Ecquis
1042 988 1128 1052 dictu
1144 985 1280 1053 Mabilie
1296 985 1497 1070 maritagium
1512 983 1620 1048 fratris

421 1089 557 1174 predicti
578 1091 706 1156 heredis
729 1091 847 1158 habere
869 1091 984 1169 voluit,
1007 1089 1119 1159 multis
1141 1086 1409 1158 altercacionibus
1431 1085 1622 1171 probabitis,

422 1192 564 1276 predicte
579 1195 715 1277 pecunie
730 1193 880 1279 adjunxit
894 1193 1037 1278 quinque
1052 1212 1188 1258 marcas.
1234 1190 1281 1254 Et
1304 1189 1351 1254 sic
1373 1189 1459 1256 lacta
1473 1198 1524 1258 est
1538 1188 1620 1254 obli-

202 1304 409 1373 (Vicu(o)p.73.)
421 1297 512 1381 gacio
527 1297 641 1382 quinto
657 1297 734 1364 folio
750 1295 954 1381 transcripta„
969 1296 1009 1360 ad
1025 1295 1088 1360 hoc
1104 1295 1242 1378 signum.

465 1399 620 1464 Wardam
636 1421 712 1465 vero
729 1399 864 1486 predicti
888 1399 1016 1464 heredis
1032 1397 1179 1465 vendidit
1198 1395 1351 1462 dominus
1373 1394 1473 1463 abbas
1489 1395 1621 1460 domino

424 1501 597 1586 G(alfrido)
615 1503 655 1570 de
672 1503 832 1588 Sutthorp
848 1525 907 1590 pro
931 1501 1080 1566 ducentis
1101 1500 1229 1579 marcis,
1243 1499 1337 1584 cujus
1364 1497 1523 1584 obligscio
1543 1496 1621 1562 sub-

423 1617 556 1674 notamr
569 1608 647 1676 lolio
662 1609 776 1693 quinto
791 1608 825 1672 in
842 1607 976 1672 modum
991 1604 1183 1691 cirographi.

467 1711 610 1777 Estenta
624 1733 701 1778 vero
717 1713 811 1778 istius
828 1712 932 1778 warde
947 1719 1078 1774 notatur
1092 1731 1191 1793 supra
1205 1706 1294 1776 folio.

205 1821 259 1880 (sol-
273 1819 349 1868 xciiii·
360 1821 407 1882 ¹¹⁰·)
465 1818 479 1892 l
487 1814 586 1878 Anno
602 1814 737 1880 Domini
754 1814 959 1880 Mamur.
976 1813 1076 1878 tercio
1091 1821 1125 1875 et
1139 1809 1229 1895 regni
1242 1810 1340 1894 Regis
1351 1809 1521 1876 Eadwardi
1536 1831 1622 1875 anno

424 1914 606 1993 undecimo,
622 1937 641 1978 a
657 1915 709 1980 die
719 1915 842 1980 Pasche
857 1915 891 1980 in
907 1925 973 1978 tres
983 1913 1181 1998 septimanas
1193 1915 1280 1998 apud
1295 1913 1623 1979 westmonasterium

425 2025 646 2082 convenerunt
671 2014 906 2102 archiepiscopi
927 2025 962 2080 et
983 2013 1128 2097 episcopi
1150 2036 1225 2081 cum
1249 2024 1320 2078 toto
1344 2014 1430 2082 clero
1444 2015 1561 2100 Anglie
1584 2014 1625 2080 ad

426 2117 628 2182 tractandum
642 2139 743 2202 super
757 2118 969 2202 responsione
983 2117 1118 2182 dominc
1131 2117 1212 2202 Regi
1227 2117 1374 2182 facienda
1389 2119 1429 2182 de
1456 2118 1625 2202 peticioni-

426 2220 487 2284 bus
502 2220 594 2286 factia
610 2221 696 2305 apud
713 2219 997 2302 Norhamtoniam,
1023 2242 1086 2306 que
1102 2243 1200 2306 supra
1215 2229 1381 2298 notentur,
1395 2229 1429 2286 et
1444 2243 1502 2306 per
1521 2231 1624 2288 totam

425 2323 689 2390 communitatem
705 2324 926 2390 demonstrata
940 2325 1072 2392 fuemus
1082 2323 1268 2409 gravamina
1282 2323 1476 2409 subscripta,
1488 2325 1549 2390 sub
1564 2325 1625 2391 hac

427 2428 541 2494 forma.

472 2530 579 2596 Prima
608 2541 739 2596 ostensa
769 2531 831 2596 luit
860 2529 1080 2600 subsidiorum
1109 2531 1271 2617 prestucic
1296 2554 1355 2617 per
1380 2531 1521 2618 spatium
1551 2553 1626 2596 xxv.

428 2654 586 2699 annorum
612 2633 665 2696 vel
690 2633 816 2697 circiter
841 2635 932 2718 quasi
954 2656 1012 2718 per
1033 2635 1206 2704 continuas
1230 2635 1453 2703 successiones
1474 2635 1628 2713 exhibita,

429 2734 601 2819 aliquando
630 2757 690 2820 pro
720 2737 809 2818 regni
831 2737 951 2820 Apulia
980 2737 1212 2821 adquisicione,
1244 2737 1417 2822 aliquando
1446 2759 1506 2824 pro
1539 2738 1627 2821 regni

430 2839 545 2922 Anglie
561 2838 818 2923 perturbacione,
841 2839 1014 2924 aliquando
1030 2862 1089 2926 pro
1106 2839 1253 2908 subsidio
1269 2851 1353 2908 terre
1369 2851 1490 2922 sancto,
1512 2841 1629 2926 primo,

431 2941 573 3008 secundo
596 2953 630 3006 et
655 2941 751 3008 tertio
774 2952 808 3008 et
829 2943 1011 3032 perplures
1037 2965 1152 3022 annos,
1177 2955 1211 3010 et
1237 2945 1369 3012 demum
1392 2943 1629 3031 quintodecime

433 3067 491 3130 pro
505 3045 639 3112 ecclesie
653 3045 853 3114 relaxacione
868 3069 965 3132 quam
978 3069 1064 3112 nunc
1080 3047 1189 3114 sentit.

476 3148 561 3214 ltem
576 3149 765 3234 hujusmodi
781 3149 924 3216 subsidia
940 3160 1024 3220 terre
1039 3160 1162 3229 sancte,
1177 3161 1211 3216 et
1225 3151 1377 3236 precipue
1392 3152 1506 3220 ultima
1524 3150 1630 3237 gravis

432 3253 574 3320 extorsio
589 3263 623 3318 et
637 3252 797 3320 laboriosa
812 3253 936 3320 solacio
951 3254 986 3321 in
1000 3253 1080 3326 locis
1098 3254 1245 3333 remotis,
1269 3276 1343 3326 cum
1359 3277 1476 3340 magna
1497 3255 1629 3320 frustra-

433 3355 525 3420 cione
541 3377 712 3439 corporum
726 3367 762 3420 et
776 3377 991 3441 expensarum
1006 3357 1220 3424 exhibicione.

478 3455 561 3520 ltem
584 3458 681 3541 longa
703 3467 737 3522 et
757 3459 864 3541 gravis
889 3469 973 3524 terre
989 3460 1112 3526 scilicet
1127 3461 1291 3538 sterilitas,
1306 3461 1429 3544 que(m)
1457 3459 1582 3543 jamdiu
1598 3469 1632 3523 et

433 3568 559 3624 tantum
590 3559 726 3624 invaluit
766 3559 855 3643 quod
884 3560 1018 3628 ecclesie
1050 3562 1103 3626 vin
1135 3561 1215 3626 duaa
1252 3571 1361 3646 partes
1395 3561 1482 3626 soliti
1512 3559 1631 3626 valoris

431 3661 580 3745 attingat.

479 3763 563 3828 Item
590 3763 768 3830 mortalitas
791 3771 826 3828 et
840 3763 1029 3845 pestilencia
1048 3763 1145 3847 longa
1159 3785 1316 3848 equorum
1331 3772 1566 3845 carucatorum,
1588 3766 1633 3832 ita

435 3865 521 3952 quod
542 3877 626 3930 terre
655 3867 722 3935 fare
751 3867 784 3930 in
809 3865 943 3950 singulis
973 3865 1134 3951 parochiis
1154 3867 1266 3951 jacent
1290 3865 1422 3947 inculte,
1447 3866 1488 3934 de
1515 3869 1633 3953 quibus

435 3970 559 4034 decime
574 3971 712 4054 majores
729 3969 878 4036 solebant
892 3969 1036 4054 inpendi.

479 4071 563 4136 Item
594 4069 781 4154 pestilencia
811 4071 933 4149 ovium,
964 4093 1026 4156 quc
1053 4081 1119 4136 tam
1146 4071 1242 4156 longa
1268 4083 1301 4138 et
1325 4073 1449 4138 tamdiu
1479 4075 1633 4154 excrevit,

435 4177 521 4262 quod
538 4177 629 4261 quasi
641 4177 709 4261 jam
725 4177 891 4262 perierunt
907 4173 1030 4241 decime
1046 4195 1214 4258 agnorum,
1229 4172 1321 4240 lactis
1337 4183 1371 4238 et
1385 4173 1468 4240 lane.
