3938 5022
418 637 460 696 98
737 647 951 694 canonicos
969 647 1296 693 ravacauaeussu.

420 805 552 868 fuerunt
566 799 735 866 constituti
758 820 817 885 per
839 800 961 888 Regem
985 799 1109 865 domini
1123 798 1292 874 Johannes
1315 797 1355 861 de
1379 793 1534 881 Kerkeby
1549 795 1620 860 the-

421 901 581 968 saurarius
614 899 739 965 domini
776 901 885 988 Regis,
920 900 1079 966 Ricardus
1120 901 1160 965 de
1191 899 1356 978 Stanford,
1391 907 1425 962 et
1455 897 1620 962 Gallridus

422 1004 606 1082 Sandiacre,
629 1012 663 1066 et
691 1014 853 1067 venerunt
881 1003 968 1087 apud
995 1004 1153 1088 Burgum,
1174 1001 1225 1065 die
1252 1003 1347 1066 Lune
1372 999 1521 1086 proxima
1545 1007 1622 1085 post

422 1106 655 1176 exaltacioncm
670 1115 781 1171 sancte
797 1105 924 1179 Crucis,
938 1105 1217 1192 adinquirendum
1233 1105 1274 1169 de
1288 1104 1503 1183 libertatibus,
1518 1103 1621 1168 leodis

423 1219 458 1276 et
471 1208 667 1275 tenementis
683 1207 809 1273 abbatis
833 1209 873 1274 de
896 1208 1006 1294 Burgo
1030 1208 1133 1274 sancti
1154 1208 1242 1289 Petri
1266 1208 1446 1274 secundum
1469 1206 1622 1272 articulos

425 1312 637 1397 subscriptos,
654 1309 715 1376 sub
730 1311 791 1376 hac
806 1311 910 1376 forma
920 1337 969 1376 :-

206 1421 267 1484 (sor.
278 1421 332 1470 evii·
344 1423 395 1486 a.)
469 1417 583 1498 [Anno
598 1415 744 1480 Domini.
759 1415 899 1481 M⁰.c⁰c⁰.
915 1415 1124 1500 octogesimo.
1139 1424 1266 1500 quarto.

205 1513 242 1560 Da
253 1513 344 1560 eodem

471 1519 530 1584 Hii
560 1526 638 1584 sunt
665 1517 792 1582 articuli
821 1539 919 1604 super
948 1518 1066 1602 quibus
1096 1518 1327 1604 inquisiciones
1363 1515 1508 1604 predicte
1539 1515 1624 1580 lacte

427 1623 559 1710 luerunt
572 1643 631 1708 per
644 1620 807 1708 predictos
818 1621 1026 1708 justiciarius.

470 1726 523 1789 De
532 1744 667 1810 corpore
675 1723 899 1788 comitatuum.
917 1723 969 1787 De
978 1719 1129 1808 proficuis
1141 1721 1364 1788 comitatuum.
1386 1720 1625 1788 Delirmahun-¹

428 1827 611 1892 dredorum.
630 1827 686 1900 ¹De
701 1835 798 1890 turno
812 1825 1051 1891 vicecomitum.
1073 1827 1125 1889 De
1136 1825 1210 1890 visu
1224 1825 1324 1890 franci
1341 1825 1474 1910 (plegii).
1496 1825 1550 1889 De
1564 1822 1626 1887 mi·

426 1927 639 1993 nutisfirmis.
655 1929 707 1992 De
720 1927 892 2014 serjantiis.
915 1929 967 1992 De
979 1927 1110 1992 assertis
1120 1927 1391 2013 etpurpresturis.
1406 1929 1458 1993 De
1469 1925 1626 2014 peccunia

426 2053 523 2116 quarn
534 2029 739 2094 vicecomites
754 2029 906 2094 etbellivi
916 2040 1115 2115 receperunt.
1154 2031 1207 2094 De
1217 2030 1357 2115 prisonis
1370 2040 1482 2095 contra
1492 2037 1624 2094 statuta.

426 2134 479 2220 De
494 2131 579 2198 villis
594 2140 628 2195 et
642 2130 830 2195 nominibus
845 2153 955 2196 earum
976 2133 1060 2198 infra
1073 2133 1243 2197 hundreda
1257 2133 1411 2218 predicta.
1454 2135 1507 2199 De
1529 2131 1626 2198 talliis

427 2244 539 2300 contra
559 2235 705 2299 diversos
719 2234 937 2300 vicecomites.
981 2236 1034 2301 De
1049 2235 1146 2300 talliis
1162 2235 1202 2300 de
1219 2235 1396 2316 scaccario,
1411 2259 1490 2322 quas
1506 2234 1625 2302 diversi

427 2339 551 2404 habent
564 2360 665 2425 penes
682 2361 716 2404 se
734 2340 881 2404 nondum
902 2337 1060 2404 allocatis.
1104 2339 1157 2403 De
1176 2338 1392 2420 libertatibus
1408 2361 1487 2425 quas
1508 2337 1626 2404 diversi

428 2441 568 2505 clamant
589 2439 708 2504 babere
730 2461 788 2525 per
810 2451 925 2522 cartas,
940 2449 974 2505 et
996 2440 1133 2526 qualiter
1148 2441 1194 2505 eis
1216 2441 1269 2506 usi
1291 2451 1378 2519 sunt,
1393 2440 1559 2527 atquibus
1574 2440 1626 2504 usi

427 2565 494 2608 non
517 2552 604 2623 sunt,
619 2552 653 2607 et
673 2543 712 2606 de
735 2544 805 2608 aliis
829 2543 1032 2608 libertatibus
1049 2544 1130 2629 Regi
1154 2544 1283 2624 debitis,
1299 2553 1333 2609 et
1348 2546 1387 2609 de
1402 2545 1530 2630 quibus.
1573 2545 1626 2608 De

426 2644 530 2730 feodis
553 2666 615 2728 que
637 2653 789 2708 tenentur
815 2646 855 2708 ‹le
882 2645 970 2729 Rege
992 2645 1027 2708 in
1052 2645 1168 2729 capite,
1184 2654 1217 2708 et
1243 2645 1299 2729 qui
1323 2666 1360 2709 ea
1386 2654 1510 2724 tenent,
1533 2655 1567 2709 et
1591 2646 1627 2710 in

428 2747 545 2831 quibus
573 2746 663 2810 locis.
730 2748 783 2810 De
812 2746 975 2810 veteribus
1005 2747 1168 2810 extractis.
1227 2748 1280 2811 De
1313 2748 1626 2814 summonicionibus

429 2847 587 2912 scaccarii
610 2855 677 2910 tem
695 2845 780 2912 infra
801 2845 967 2910 libertates
983 2867 1079 2931 quam
1094 2855 1195 2911 extre.
1240 2849 1292 2912 De
1307 2848 1448 2914 exitibus
1470 2859 1627 2916 terrarum

428 2949 622 3013 forestarum
642 2968 750 3012 coram
761 2946 959 3032 justiciariis.
1004 2947 1090 3012 Item
1113 2947 1168 3033 qui
1190 2947 1321 3014 fuerunt
1339 2950 1458 3037 geldati
1480 2962 1627 3039 tempore

429 3050 528 3136 Regis
545 3049 691 3130 Hernici,
705 3059 739 3116 et
753 3049 889 3136 qualiter
904 3058 1009 3114 status
1024 3070 1136 3115 eorum
1150 3059 1303 3115 mutatur.

472 3153 681 3220 Veredictum
697 3174 794 3239 super
808 3152 950 3218 articulis
964 3152 1118 3239 predictis
1134 3163 1285 3239 queratur
1299 3177 1396 3242 supra
1410 3157 1500 3224 folio.

474 3257 599 3323 Littera
619 3256 743 3323 domini
764 3256 926 3321 lobannis
947 3256 988 3320 de
1009 3256 1166 3343 Kyrkeby
1183 3279 1243 3342 pro
1266 3259 1419 3344 magistro
1438 3263 1565 3348 Rogare
1588 3262 1631 3338 de

432 3359 584 3424 Rowelle.

476 3459 550 3524 Hoc
565 3481 651 3524 anno
666 3459 708 3523 ad
725 3460 918 3526 instanciam
941 3459 1174 3546 archiepiscopi
1189 3460 1374 3544 Cantuarie,
1389 3464 1533 3550 episcopi
1548 3466 1629 3534 Lin-

432 3560 547 3639 colnie,
576 3560 701 3626 domini
729 3559 889 3625 Johannis
913 3562 954 3626 de
989 3561 1147 3647 Kirkeby‚
1173 3571 1252 3628 tunc
1281 3565 1474 3630 thesaurarii
1505 3567 1628 3633 domini

433 3662 542 3748 Regis,
557 3671 591 3726 et
604 3663 750 3744 aliorum,
765 3673 970 3748 presentatus
981 3672 1033 3728 est
1046 3665 1198 3749 magister
1213 3666 1360 3750 Reganus
1375 3669 1415 3731 de
1431 3669 1630 3736 Rothewelle

433 3764 641 3830 cancellarius
664 3765 898 3850 archiepiscopi
922 3765 1097 3830 cantuarie
1122 3766 1164 3829 ad
1187 3768 1354 3832 ecclesiam
1383 3770 1424 3833 de
1461 3769 1630 3860 Ketering‚

434 3889 497 3953 que
510 3867 646 3933 vacabat
664 3887 723 3952 per
743 3875 883 3933 mortem
906 3867 1095 3932 Emanuelis
1111 3869 1151 3934 de
1174 3868 1288 3935 Sauro.
1332 3871 1378 3936 Et
1400 3872 1475 3957 quia
1496 3883 1575 3942 tunc
1590 3878 1631 3941 de

434 3979 539 4036 morte
553 3969 656 4056 ipsius
676 3968 823 4058 nondum
846 3969 925 4036 certi
945 3990 1092 4034 rumores
1114 3981 1315 4053 emanarunt,
1330 3974 1371 4037 ad
1396 3979 1634 4060 amputandum

435 4093 578 4158 omnem,
595 4084 718 4158 metum
747 4071 893 4157 periculi,
923 4072 1010 4157 quod
1039 4093 1137 4136 causa
1170 4074 1426 4160 presentacionis
1455 4087 1631 4144 memorata

436 4173 554 4240 futuris
584 4172 784 4260 temporibus
813 4173 949 4242 fortuito
978 4195 1055 4240 casu
1087 4175 1231 4240 accidere
1264 4177 1460 4262 potuissent,
1475 4167 1631 4266 'prefatus
