3938 5022
421 617 461 691 74
742 635 955 686 canonicos
982 641 1310 686 ranaoauaoaxsa.

432 790 512 855 acris
536 791 630 876 prati,
656 811 718 876 que
747 792 890 856 Thomas
917 793 958 857 de
984 792 1207 872 Normanvile,
1230 791 1382 856 dominus
1409 791 1450 856 de
1473 791 1633 878 Emping·

430 891 518 970 ham,
547 892 654 956 tenuit
682 892 723 958 de
753 894 841 957 dicto
873 895 980 957 Petro.
1034 894 1082 957 Et
1111 893 1256 977 exceptis
1286 892 1413 971 wardis,
1442 893 1570 958 releviis
1600 903 1634 958 et

431 993 566 1059 escaetis
595 1017 670 1059 cum
693 995 878 1072 acciderint,
908 996 949 1059 de
986 995 1140 1060 omnibus
1166 994 1240 1072 hiis,
1269 1015 1332 1079 que
1358 993 1510 1058 dominus
1538 995 1633 1080 Regi·

431 1098 547 1162 naldus
571 1099 611 1162 de
644 1098 832 1176 Watervile,
860 1099 1016 1163 Ricardus
1042 1099 1083 1163 de
1108 1098 1310 1177 Wodecrolt,
1334 1106 1369 1161 et
1393 1097 1547 1162 Johanna
1570 1120 1633 1183 que

431 1199 495 1264 fuit
503 1223 585 1265 uxor
595 1201 746 1266 Nicholai
758 1201 798 1267 de
809 1207 823 1283 l
833 1201 865 1265 la
877 1201 980 1280 Mare,
993 1202 1033 1266 de
1049 1201 1136 1266 dicto
1152 1201 1249 1265 Petro
1264 1210 1451 1280 tonuerunt,
1463 1201 1503 1265 de
1515 1201 1632 1286 quibus

432 1304 511 1370 dicti
527 1304 663 1370 Gallridi
681 1315 715 1371 et
731 1306 852 1392 Roysia
873 1305 974 1370 nichil
985 1304 1164 1384 habebunt,
1179 1304 1243 1369 nisi
1258 1315 1385 1368 tantum
1401 1326 1546 1369 annuum
1562 1305 1634 1370 red·

432 1407 536 1472 ditum
552 1430 664 1474 eorum
679 1431 783 1496 usque
806 1409 847 1474 ad
868 1409 1060 1495 legittimam
1076 1419 1195 1474 etatem
1214 1407 1351 1472 Galfridi
1366 1407 1424 1471 filii
1449 1417 1483 1471 et
1505 1407 1632 1472 heredis

431 1511 511 1576 dicti
527 1511 625 1591 Petri,
639 1533 699 1595 pro
715 1531 770 1577 cc.
785 1511 901 1576 marcis
918 1511 1156 1596 sterlingorum,
1172 1509 1347 1596 dequibus
1363 1509 1491 1574 solvent
1498 1509 1532 1573 in
1548 1511 1631 1574 festo

431 1615 652 1700 apostolorum
676 1614 763 1680 Petri
783 1623 816 1679 et
842 1614 935 1678 Pauli
951 1615 1184 1700 quinquaginta
1205 1635 1341 1693 marcas,
1367 1613 1446 1678 etin
1471 1616 1553 1678 festo
1568 1615 1631 1677 As·

431 1717 630 1803 sumpcionis
660 1717 754 1784 beate
783 1717 926 1802 Virginis
960 1718 1092 1802 triginta
1123 1739 1258 1795 marcas,
1288 1727 1322 1782 et
1351 1717 1385 1781 in
1414 1717 1498 1781 festo
1528 1718 1631 1782 sancti

432 1821 603 1885 Michaelis
614 1821 763 1904 proximo
779 1831 934 1905 sequente
949 1831 1080 1885 centum
1096 1829 1130 1884 et
1147 1819 1262 1904 viginti
1284 1840 1419 1884 marcas.
1463 1821 1510 1884 Et
1524 1829 1631 1904 preter

429 1923 492 1987 hoc
518 1922 595 1986 dicti
612 1921 779 1987 Galfridus
800 1931 835 1984 et
858 1921 981 2007 Roysia
1002 1921 1131 1986 solvent
1156 1922 1323 1985 annuatim
1348 1922 1443 1987 dictis
1466 1923 1576 1987 abbati
1597 1933 1631 1988 et

429 2024 605 2090 conventui
630 2034 797 2088 eteorum
823 2023 1065 2088 successoribus
1091 2025 1202 2089 decem
1228 2023 1327 2089 libras
1352 2047 1413 2109 pro
1436 2027 1630 2092 tenementis

427 2128 583 2213 predictis
606 2149 709 2213 usque
735 2128 776 2192 ad
801 2126 994 2212 legittimam
1018 2137 1137 2192 etatem
1164 2127 1301 2213 predicti
1327 2128 1455 2193 heredis
1481 2129 1523 2193 ad
1547 2130 1629 2194 duos

427 2231 505 2294 anni
520 2230 688 2309 terminos,
697 2228 849 2294 videlicet
857 2229 897 2292 ad
913 2229 1033 2293 festum
1043 2229 1147 2293 sancti
1164 2227 1336 2293 Michaelis
1351 2238 1484 2294 centum
1497 2231 1629 2311 solidos,

427 2335 516 2399 etad
532 2335 657 2400 Pascha
671 2345 803 2399 centum
819 2333 953 2397 solidos.
997 2333 1043 2397 Et
1066 2331 1094 2396 si
1113 2332 1249 2417 predicti
1267 2332 1434 2398 Galfridus
1449 2344 1483 2400 et
1499 2335 1630 2422 Royan,

426 2440 480 2504 vel
494 2440 575 2504 alter
590 2460 714 2517 eorum,
728 2437 764 2502 in
788 2437 952 2502 solucione
975 2436 1191 2522 predictarum
1216 2437 1428 2500 ducentarum
1450 2459 1629 2503 marcarum

426 2543 575 2606 terminis
591 2541 786 2626 supradictis
801 2540 836 2604 in
859 2551 931 2605 toto
947 2541 999 2604 vel
1020 2541 1054 2603 in
1069 2549 1162 2624 parte
1177 2539 1375 2618 defecerint3
1401 2539 1512 2604 licebit
1535 2541 1629 2606 dictis

426 2644 536 2709 abbati
551 2655 585 2708 ct
599 2644 776 2708 conventui
791 2665 905 2708 omnes
926 2643 1087 2727 predictas
1109 2653 1211 2706 terras
1236 2654 1270 2707 et
1295 2653 1482 2707 tenemento
1504 2643 1629 2728 ingredi

426 2757 460 2811 et
474 2745 604 2831 pacifice
622 2745 761 2810 retinere
784 2765 858 2808 cum
873 2742 1034 2808 fructibus
1049 2740 1202 2806 omnibus
1217 2743 1249 2806 in
1266 2753 1351 2806 terra
1373 2753 1408 2808 et
1428 2753 1520 2807 extra
1543 2745 1628 2809 exis·

425 2848 581 2928 tentibus,
612 2849 682 2914 sino
711 2845 971 2914 contradiccione
1008 2866 1068 2910 seu
1099 2844 1215 2909 clamio
1242 2845 1403 2910 dictorum
1434 2845 1572 2912 Gallridi
1594 2859 1629 2914 et

426 2954 558 3040 Roysie,
573 2961 607 3018 et
621 2952 719 3018 etiam
735 2953 805 3016 sine
819 2948 1067 3036 recuperacione
1090 2969 1149 3013 seu
1171 2948 1369 3034 repeticione
1391 2951 1527 3037 alicujus
1552 2975 1628 3038 pec·

426 3057 521 3122 cunie
543 3055 660 3120 solute.
704 3053 740 3119 Si
755 3073 831 3118 vero
846 3051 1014 3136 contingat
1028 3050 1153 3115 dictum
1170 3050 1354 3115 Galfridum
1369 3051 1473 3117 filium
1488 3063 1522 3118 et
1536 3054 1628 3120 here-

426 3161 501 3225 dem
524 3159 602 3225 dicti
627 3157 715 3223 Petri
736 3156 821 3221 infra
845 3165 965 3220 etatem
980 3155 1135 3220 decedere
1147 3179 1157 3234 3
1184 3156 1281 3220 Petro
1303 3155 1401 3222 iratro
1427 3179 1486 3222 ouo
1498 3158 1627 3243 juniore

426 3263 618 3348 superstite3
641 3271 720 3326 tunc
735 3258 915 3325 remanebit
936 3258 1022 3323 dicta
1041 3258 1191 3323 custodia
1205 3279 1305 3344 penes
1321 3259 1426 3325 dictos
1442 3261 1627 3326 Galfridum

425 3373 459 3426 et
481 3363 635 3447 Roysiam
659 3383 717 3446 per
741 3369 869 3426 tantum
894 3369 1035 3446 tempus,
1051 3381 1116 3446 quo
1132 3361 1237 3426 dictus
1255 3361 1435 3441 Gallridus,
1451 3363 1478 3426 si
1493 3363 1627 3444 viveret,

425 3476 513 3529 esset
527 3466 622 3549 plene
638 3465 733 3528 etatis
755 3465 790 3528 in
804 3464 909 3527 forma
919 3463 1076 3547 predicta.
1120 3463 1166 3527 Et
1179 3473 1256 3547 post
1269 3463 1351 3526 illud
1362 3473 1492 3548 tempus
1502 3465 1628 3531 dabunt

425 3566 504 3630 dicti
528 3567 694 3630 Galfridus
721 3576 755 3631 et
781 3566 903 3652 Roysia
927 3586 987 3649 pro
1003 3566 1090 3629 dicta
1115 3565 1264 3629 custodia
1289 3565 1502 3650 quadraginta
1526 3566 1625 3633 libras

425 3669 591 3732 annuatim
621 3668 663 3732 ad
692 3669 849 3732 terminos
880 3667 1044 3750 predictos
1075 3688 1178 3750 usque
1215 3667 1256 3730 ad
1284 3666 1477 3750 legittimam
1506 3678 1625 3735 etatem

425 3770 524 3848 Petri,
538 3771 645 3834 fratris
661 3770 739 3834 dicti
755 3769 893 3833 Gallridi
905 3769 1056 3853 junioris.
1102 3769 1252 3853 Utroque
1274 3779 1384 3833 autem
1406 3770 1491 3835 infra
1504 3781 1625 3838 etatem

423 3871 611 3948 decedente,
639 3869 718 3934 dicti
748 3868 915 3934 Galfridus
945 3879 979 3934 et
1012 3869 1133 3954 Roysia
1161 3869 1263 3933 nichil
1290 3869 1325 3932 in
1355 3870 1443 3934 dicta
1478 3875 1626 3941 custodia

423 3974 560 4040 clamare
585 3973 638 4036 vel
660 3971 787 4056 exigere
810 3983 976 4056 poterunt,
1002 3993 1062 4037 nec
1081 3971 1202 4058 aliquid
1227 3993 1425 4057 recuperare,
1441 3999 1499 4042 seu
1521 3999 1627 4044 reme·

423 4078 513 4144 dium
528 4097 641 4141 versus
656 4075 762 4141 dictos
783 4073 985 4141 abbatemet
1004 4087 1203 4142 conventum
1227 4086 1262 4143 et
1285 4099 1398 4144 eorum
1422 4102 1625 4149 successores

422 4180 498 4246 inde
519 4177 699 4244 habebunt.
743 4177 777 4242 N
778 4198 815 4242 ec
829 4175 942 4242 licebit
955 4177 1051 4242 dictis
1067 4177 1217 4244 Gallrido
1232 4189 1267 4246 et
1281 4180 1401 4267 Roysie
1415 4183 1450 4248 in
1465 4183 1624 4269 aliquibus
