3938 5022
424 613 464 688 76
738 631 951 677 onnosrcou
978 631 1302 677 rsrnosunosxss.

421 783 588 868 maritagio
604 782 742 848 Gallridi
757 793 791 848 et
807 783 894 848 Petri
909 782 1048 848 filiorum
1065 784 1269 848 etheredum
1293 781 1419 847 domini
1435 781 1522 846 Petri
1537 783 1578 846 de
1592 781 1623 846 la

422 887 517 952 Mare
536 885 648 950 militis
671 907 776 971 nuper
791 885 946 966 defuncti,
962 887 1135 952 solvendas
1159 887 1246 951 dicto
1269 886 1402 951 domino
1428 884 1550 965 abbati,
1571 885 1623 950 vel

421 991 491 1074 ejus
514 989 754 1053 suecessoribus
769 989 915 1054 terminis
942 988 1179 1074 infrascriptis,
1203 989 1354 1055 videlicet
1376 988 1429 1052 die
1450 987 1623 1053 Dominica

421 1092 455 1156 in
482 1091 594 1155 Ramis
627 1092 807 1156 Palmarum
834 1092 983 1178 proximo
1014 1093 1163 1177 sequenti
1189 1092 1400 1178 quadraginta
1426 1101 1459 1154 et
1481 1091 1624 1175 quinque

421 1217 555 1275 marces,
570 1195 604 1260 in
619 1197 704 1261 festo
721 1195 911 1261 Nativitatis
932 1197 1035 1260 sancti
1049 1196 1072 1261 J
1075 1196 1213 1261 ohannis
1240 1197 1389 1280 Baptiste
1415 1194 1624 1281 quadraginta

421 1321 555 1379 marcas,
585 1308 619 1364 et
646 1299 680 1362 in
710 1301 795 1364 festo
825 1299 929 1364 sancti
959 1299 1132 1364 Michaelis
1162 1299 1374 1385 quadraginta
1411 1307 1445 1362 et
1481 1297 1623 1382 quinque

421 1425 556 1468 marcas.
602 1403 664 1467 Pro
689 1425 752 1488 qua
774 1403 904 1488 quidem
919 1403 1076 1488 peccunia
1090 1404 1237 1468 terminia
1264 1401 1458 1488 supradietis
1480 1399 1623 1486 plenarie

421 1506 586 1586 solvenda,
601 1505 709 1591 obligo
725 1529 787 1584 me,
801 1507 937 1573 heredes
953 1529 1055 1585 meos,
1064 1517 1264 1586 executores,
1279 1516 1312 1571 et
1326 1505 1436 1570 omnia
1451 1504 1537 1569 bona
1551 1525 1623 1568 mea

420 1609 553 1675 mobilia
582 1619 616 1675 et
640 1609 808 1675 inmobilia
837 1611 1004 1696 presencia
1032 1621 1066 1675 et
1088 1613 1196 1676 futura
1221 1610 1418 1695 ubicumque
1447 1607 1624 1673 existencia

421 1713 554 1779 domino
569 1713 678 1778 abbati
705 1713 889 1799 supradicto
913 1725 947 1779 et
970 1715 1040 1799 ejus
1056 1713 1307 1792 successoribus,
1332 1713 1446 1778 volens
1460 1721 1494 1776 et
1509 1732 1623 1776 conoe-

422 1818 504 1882 dens
532 1838 592 1900 per
619 1825 799 1900 presentes,
829 1817 916 1901 quod
947 1817 975 1880 si
1004 1818 1038 1881 in
1063 1818 1228 1882 solucione
1259 1817 1344 1881 dicte
1374 1814 1530 1900 peccunie
1554 1813 1622 1878 suis

422 1919 569 1986 terminis
579 1919 715 1985 deficere
724 1940 777 1983 me
789 1920 967 2004 contingat,
979 1921 1066 2006 quod
1076 1920 1172 1999 absit,
1181 1921 1235 1985 vel
1249 1942 1375 1985 cessare
1387 1945 1396 2000 3
1412 1919 1522 1984 omnia
1536 1918 1624 1982 bona

422 2043 494 2085 mea
509 2018 641 2083 mobilia
655 2030 689 2082 et
703 2018 871 2084 inmobilia
885 2042 944 2105 per
965 2021 1102 2085 ballivos
1117 2024 1349 2107 cujuscumque
1364 2020 1573 2094 vicecomitis,
1588 2019 1623 2082 in

423 2124 515 2208 cujus
530 2122 647 2187 balliva
662 2122 748 2186 dicta
761 2122 849 2186 bona
868 2123 1002 2188 inventa
1024 2123 1156 2201 fuerint,
1180 2123 1360 2208 capiantur,
1383 2117 1568 2188 vendantur
1589 2132 1623 2186 et

422 2248 480 2311 per
494 2226 625 2291 eosdem
642 2226 682 2290 de
698 2226 820 2291 eisdem
834 2235 942 2291 totum
963 2227 1051 2312 quod
1073 2227 1114 2290 de
1129 2227 1214 2292 dicta
1231 2225 1401 2310 pecunias
1416 2234 1501 2291 retro
1516 2225 1623 2304 fuerit,

423 2332 493 2397 sine
508 2330 765 2396 contradiccione
781 2351 839 2394 seu
850 2331 1082 2396 reclamacione
1094 2330 1168 2409 mei,
1183 2330 1338 2395 heredum
1350 2330 1401 2394 vel
1412 2339 1623 2395 executorum

423 2454 582 2512 meorum,
603 2433 745 2518 plenarie
760 2433 897 2497 levetur.
940 2433 987 2496 Et
1002 2433 1042 2496 ad
1059 2432 1214 2517 majorem
1230 2432 1328 2516 hujus
1343 2431 1390 2495 rei
1406 2431 1623 2508 securitatem,

422 2535 574 2598 dominus
597 2535 782 2598 Willelmus
809 2535 849 2599 de
875 2535 1018 2599 colevile
1042 2535 1146 2612 miles,
1171 2533 1358 2598 Willelmus
1381 2534 1421 2597 de
1436 2535 1535 2617 Torp,
1553 2532 1625 2596 Gil-

421 2635 533 2699 bertus
549 2636 589 2699 de
605 2635 765 2713 Bernalre,
793 2633 960 2699 Guliridus
987 2635 1028 2699 de
1054 2636 1186 2708 Ettona,
1212 2643 1246 2697 et
1262 2633 1418 2696 Ricardus
1445 2633 1485 2696 de
1501 2633 1623 2696 Wode·

422 2737 516 2814 croft,
539 2757 666 2820 prome
691 2735 853 2800 debitores
880 2735 1074 2820 principales
1101 2756 1136 2798 se
1161 2735 1195 2796 in
1215 2734 1354 2797 solidum
1372 2734 1623 2798 constituerunt.

423 2839 476 2904 Ita
490 2838 577 2923 quod
592 2837 686 2901 liceat
701 2835 846 2922 predicto
862 2835 981 2915 abbati,
1008 2837 1079 2920 ejus
1102 2835 1353 2916 successoribus,
1380 2846 1538 2900 eteorum
1553 2837 1623 2901 bal-

422 2943 496 3009 livis
511 2941 661 3006 debonis
677 2942 744 3006 suis
759 2939 934 3005 mobilibus
949 2954 983 3005 et
996 2938 1207 3004 inmobilibus
1227 2939 1310 3003 infra
1324 2939 1505 3005 libertatem
1530 2963 1622 3006 suam

423 3047 565 3113 inventis
588 3055 694 3110 totum
711 3045 803 3124 illud,
821 3044 909 3131 quod
924 3044 965 3108 de
988 3043 1074 3108 dicta
1089 3043 1244 3129 peccunia
1260 3045 1327 3108 suis
1342 3045 1489 3108 terminis
1505 3068 1523 3108 a
1537 3056 1624 3110 retro

423 3151 530 3230 fuerit,
545 3150 650 3215 levare
673 3171 739 3213 una
764 3171 839 3214 cum
862 3147 1013 3233 dampnis
1028 3156 1062 3210 et
1085 3145 1247 3230 expensis,
1272 3169 1335 3231 que
1355 3146 1522 3212 occasione
1539 3147 1624 3212 dicte

425 3254 601 3320 solucionis
628 3253 737 3317 minus
763 3252 847 3316 facte
873 3273 931 3316 seu
956 3250 1116 3315 retardate
1142 3250 1254 3314 iecerit
1275 3252 1328 3316 vel
1353 3252 1500 3330 fecerint,
1527 3251 1624 3315 susti-

424 3357 532 3421 nuerit
554 3356 606 3420 vel
632 3355 847 3420 sustinuerint
871 3354 904 3418 in
935 3354 1113 3438 premissis.
1182 3355 1234 3419 De
1263 3354 1382 3439 quibus
1412 3354 1564 3419 omnibus
1590 3365 1624 3419 et

425 3459 559 3544 singulis
575 3458 723 3522 credatur
738 3457 878 3542 simplici
889 3456 989 3522 verbo
1005 3457 1083 3522 dicti
1098 3456 1236 3536 abbatis,
1252 3479 1475 3522 suceessorum
1491 3479 1623 3522 suorum

424 3562 476 3626 vel
498 3581 610 3625 eorum
636 3559 715 3623 certi
730 3558 883 3622 attornati
906 3558 1029 3644 absque
1044 3558 1107 3622 alio
1122 3559 1244 3623 honere
1266 3557 1481 3643 probationis.
1527 3558 1624 3622 Subi-

205 3696 215 3746 (
214 3693 268 3756 s01·
281 3694 352 3742 aare.
364 3688 411 3750 a.)
425 3664 547 3730 cientes
573 3659 786 3724 nibilominus
805 3681 850 3738 se,
876 3659 1023 3737 heredes,
1038 3659 1230 3744 assignatos,
1256 3667 1290 3722 et
1304 3663 1317 3737 l
1332 3667 1520 3722 executores
1547 3681 1624 3724 suos

425 3761 609 3832 coheroioni
646 3781 924 3846 quorumcumque
955 3760 1103 3845 judicum
1144 3759 1435 3824 ecclesiasticorum
1465 3759 1517 3823 vel
1546 3761 1625 3826 civi·

425 3870 516 3948 lium,
540 3887 648 3931 coram
675 3862 793 3948 quibus
818 3863 925 3928 dictus
959 3862 1058 3927 abbas
1084 3863 1137 3928 rel
1160 3864 1230 3948 ejus
1260 3883 1463 3927 successores
1493 3885 1550 3928 eos
1573 3865 1626 3930 vel

426 3995 538 4040 eorum
575 3969 714 4053 aliquem
743 3967 796 4030 vel
828 3967 952 4052 aliquos
988 3965 1127 4031 voluerit
1156 3987 1215 4030 seu
1243 3964 1407 4030 voluerint
1443 3968 1626 4033 convenire.

429 4073 669 4144 Renunciantes
683 4069 781 4135 etiam
802 4070 835 4134 in
852 4069 1030 4156 premissis,
1052 4091 1143 4155 pure,
1159 4080 1275 4156 sponte
1291 4081 1324 4134 et
1338 4069 1498 4150 absolute,
1521 4073 1626 4136 omni-

427 4181 489 4247 bus
511 4175 627 4242 litteris
649 4171 828 4260 impetratis
852 4195 911 4238 seu
936 4171 1158 4257 impetrandis,
1183 4180 1217 4236 et
1241 4172 1380 4238 maxime
1409 4173 1494 4258 regie
1516 4174 1626 4259 probi·

428 4284 547 4350 bicioni
573 4304 610 4347 ac
633 4277 800 4366 privilegio
825 4275 928 4344 crucis
953 4286 1121 4362 assumpte
1147 4287 1180 4342 et
1200 4276 1405 4356 assumenda,
1434 4276 1561 4341 indulto
1592 4287 1625 4342 et
