3938 5022
101 775 186 826 Sexta.

641 627 856 676 crinonrcon
876 631 1201 677 rnrnonunuensn.
1486 618 1527 672 63

373 783 455 846 Item
473 784 705 869 depauperacio
718 785 985 870 parochianorum
1002 805 1060 869 per
1075 785 1303 869 oppressiones
1319 785 1422 848 varias
1439 807 1539 880 occa-¹

329 887 420 952 sione
434 909 631 973 guerrarum,
648 888 692 952 ita
715 888 802 972 quod
825 886 971 965 ecclesie,
994 909 1057 972 que
1079 889 1112 951 in
1129 887 1352 954 oblacionibus
1375 911 1415 954 ex
1431 891 1528 954 devo-

260 983 263 988 ’
328 991 420 1055 cione
445 991 590 1055 fidelium
613 991 707 1056 lactis
730 989 842 1056 crebra
864 1000 898 1054 et
927 989 1098 1074 multiplici
1122 989 1272 1055 solebant
1306 991 1529 1076 pinguescere,

328 1095 427 1159 modo
439 1096 530 1180 quasi
545 1095 676 1180 penitus
692 1103 770 1158 sunt
784 1093 907 1158 inanes.

374 1198 458 1263 Item
481 1198 659 1262 necessitas
673 1196 837 1262 residendi
859 1196 893 1260 in
920 1196 1134 1279 Lugdunensi
1159 1195 1297 1263 coneilio
1322 1203 1454 1280 statuta,
1473 1223 1531 1288 per

330 1323 425 1385 quam
442 1310 582 1366 rectores
598 1313 631 1366 et
642 1300 753 1363 vicarii
765 1301 855 1378 dum,
872 1309 909 1363 ut
920 1299 1048 1383 justum
1064 1309 1125 1377 est,
1135 1301 1403 1383 parochianorum
1420 1327 1530 1370 neees-

330 1403 482 1469 sitatibus
497 1415 531 1469 et
545 1403 761 1489 hospitalitati
777 1410 939 1486 coguntur
960 1419 1018 1464 rua
1041 1401 1229 1484 inpendere,
1253 1405 1329 1469 licet
1351 1429 1417 1472 non
1443 1411 1531 1473 suffi-

330 1508 428 1588 ciunt,
443 1509 484 1572 ad
500 1517 624 1572 remota
640 1504 785 1570 subsidia
800 1504 885 1566 fiunt
899 1503 1044 1565 totaliter
1058 1502 1256 1587 inpotentes.

375 1612 459 1675 Item
475 1607 624 1674 nonnulli
639 1607 755 1672 timore
771 1605 980 1670 continentur
1001 1605 1185 1670 vehementi
1201 1607 1338 1694 tallagiis
1360 1621 1394 1675 et
1409 1625 1531 1696 presta-

330 1712 478 1778 eionibus
494 1711 692 1776 secularibus
713 1709 853 1772 maxime
868 1708 1059 1772 effusionem
1087 1709 1252 1794 sanguinis
1267 1715 1530 1800 contingentibus

330 1817 377 1881 ita
402 1814 543 1880 decimas
568 1815 640 1879 Deo
665 1821 805 1877 sacratas
831 1812 865 1874 in
888 1831 984 1875 utum
1007 1810 1177 1878 ministerii
1202 1811 1325 1880 Christi
1347 1827 1380 1882 et
1405 1831 1531 1888 susten-

331 1918 467 1984 tocionis
507 1937 687 2004 pauperum
731 1915 888 1994 subicere,
926 1915 1046 1980 summi
1083 1917 1247 2002 pontificis
1283 1923 1436 1989 mandato
1474 1947 1530 1992 seu

331 2023 523 2089 auctoritate
555 2041 623 2085 nou
647 2029 792 2105 urgente.
841 2019 975 2083 'liment
995 2018 1131 2105 insuper
1153 2041 1211 2107 per
1233 2022 1441 2091 insolenciam
1477 2055 1533 2117 pa.

331 2128 435 2214 palem
462 2123 664 2210 gravioribus
678 2121 784 2208 urgeri
805 2122 971 2200 subsidiis,
994 2143 1070 2187 eum
1096 2124 1167 2209 ipse
1193 2147 1277 2212 papa
1301 2127 1421 2194 bellum
1445 2155 1533 2200 nune

330 2231 454 2316 indiget
468 2250 528 2317 pro
542 2229 607 2293 fide
624 2227 747 2292 Christi
765 2236 878 2290 contra
894 2225 1019 2292 Grecos
1034 2229 1333 2295 excommunicatos
1348 2228 1386 2297 et
1401 2236 1532 2301 scisma-

112 2330 176 2393 (sol
189 2347 236 2379 Μ’·
252 2331 302 2394 st)
333 2336 426 2414 ticos,
446 2355 529 2420 quos
550 2342 665 2397 notum
686 2341 738 2396 est
758 2329 899 2415 Spiritus
920 2335 933 2410 s
954 2330 1065 2394 Sancti
1085 2331 1327 2416 processionem
1345 2335 1533 2422 inpugnare,

334 2461 429 2525 quam
440 2435 631 2502 universalis
643 2434 777 2500 eeclesia
788 2433 902 2497 adoret
916 2443 950 2497 et
961 2433 1073 2512 credit,
1086 2433 1173 2519 quod
1185 2435 1294 2517 Greci,
1304 2434 1343 2502 ut
1358 2434 1486 2521 dicitur,
1499 2467 1534 2508 sc

333 2541 475 2607 'hortaris
496 2543 564 2625 jam
591 2540 818 2603 lederaverunt
832 2537 866 2600 iu
890 2542 1048 2616 eternum,
1070 2535 1204 2604 ecclesie
1225 2537 1382 2624 generalis
1398 2543 1438 2607 ad
1455 2546 1531 2610 sub·

336 2641 453 2710 sidium
477 2643 654 2729 spirituale,
673 2641 835 2718 videlicet,
851 2639 1034 2719 missarum,
1057 2639 1313 2726 processionum,
1324 2641 1536 2730 jejuniorum,

335 2747 451 2833 quibus
493 2743 671 2811 Christiani
703 2742 874 2829 potissime
904 2752 1048 2824 utantur,
1071 2746 1231 2812 exercitur
1262 2760 1394 2833 paratus
1420 2763 1471 2817 est
1502 2763 1536 2817 et

335 2851 599 2937 promptissimus
615 2850 720 2914 clerus
735 2847 816 2932 ipse.
1505 2847 1508 2854 '

380 2954 536 3018 Predictis
567 2973 643 3017 vero
666 2948 908 3036 gravaminibus
938 2949 985 3014 sie
1014 2951 1166 3030 ostensis,
1195 2953 1383 3037 adjecerunt
1412 2978 1536 3037 omnes,

337 3056 480 3140 exeeptis
496 3055 639 3140 prelatis,
662 3051 750 3139 quod
775 3051 809 3116 in
834 3049 995 3136 peticione
1011 3052 1134 3116 domini
1151 3053 1248 3139 Regis
1263 3057 1350 3140 apud
1374 3058 1536 3122 Norham-

337 3159 460 3224 toniarn
476 3159 571 3238 lactc,
587 3155 647 3222 sibi
663 3155 848 3220 inconsulto
864 3173 948 3238 papa
959 3151 1131 3219 subvenire
1147 3175 1213 3220 non
1230 3168 1417 3241 potuerunt.
1449 3158 1538 3223 Con·

338 3269 507 3328 cesserunt
531 3271 640 3325 tamen
661 3269 727 3324 taur
744 3255 859 3343 prelati
885 3277 982 3340 quam
1007 3255 1113 3320 cleriei
1143 3257 1277 3323 domino
1307 3259 1389 3345 Regi
1414 3261 1539 3326 tricesi..

335 3381 426 3430 'mam
443 3363 620 3430 secundum
644 3363 782 3427 formam
798 3381 894 3445 quam
910 3357 983 3422 laici
998 3371 1240 3442 concesserunt,
1256 3373 1294 3428 ut
1317 3363 1537 3449 supradictum

340 3479 400 3534 est.

384 3571 493 3636 David
522 3569 674 3654 princeps
700 3565 818 3631 Wallie
845 3574 960 3651 captus
984 3574 1046 3646 est,
1070 3577 1104 3631 et
1125 3570 1234 3634 omnia
1265 3571 1396 3636 castella
1422 3573 1540 3639 Wallie

340 3675 474 3740 domino
503 3671 585 3756 Regi
608 3670 735 3736 reddita
765 3679 852 3733 sunt.
897 3669 942 3732 Et
968 3668 1043 3753 quia
1065 3666 1230 3754 predictus
1255 3673 1363 3738 David
1387 3695 1536 3760 magnam

342 3776 539 3841 sedicionem
565 3773 685 3837 lecerat
709 3771 842 3841 domino
866 3773 957 3857 Regi,
979 3781 1017 3836 ut
1039 3771 1261 3857 supradictum
1283 3785 1345 3856 est,
1369 3777 1438 3841 sine
1461 3799 1539 3843 con·

342 3879 415 3944 silio
430 3885 617 3962 magnatum
633 3873 740 3938 noluit
754 3873 905 3938 dominus
921 3876 992 3938 Rex
1015 3877 1102 3961 quod
1123 3876 1247 3942 subiret
1266 3875 1438 3963 judicium,
1454 3881 1539 3944 unde

342 3979 510 4046 mandavit
524 3975 658 4042 cuilibet
668 3975 849 4041 vicecomiti
865 3976 962 4042 breve
978 4000 1074 4043 suurn
1091 3980 1152 4045 sub
1167 3979 1228 4044 hac
1241 3981 1356 4047 forma.

387 4086 457 4149 Rex
473 4079 656 4146 vicecomiti
673 4080 820 4144 salutem.
866 4081 958 4147 Quot
980 4081 1131 4146 fraudum
1143 4093 1176 4148 et
1191 4081 1471 4148 machinacionum
1487 4103 1541 4167 ge-

343 4187 475 4253 neribus
491 4185 602 4270 lingua
617 4167 780 4248 Walensis
805 4183 844 4247 ad
869 4183 971 4248 inatar
986 4184 1134 4268 vulpium
1151 4183 1373 4268 pmgenitores
1400 4195 1542 4261 nostros,
