3938 5022
434 572 495 630 114
751 585 964 632 csaovrcon
982 583 1308 629 versononcansa.

431 739 547 818 curias,
564 760 627 824 que
656 737 859 822 appellantur
881 738 992 802 Turno
1016 737 1227 816 vicecomitis,
1250 736 1292 800 sd
1317 733 1499 798 laciendum
1524 731 1631 796 visum

430 839 531 904 franci
546 837 654 923 plegii,
670 838 757 902 etad
772 839 891 904 assises
916 839 1088 924 capiendas
1105 849 1138 903 et
1163 839 1325 903 iaciendas
1349 834 1568 901 correcciones
1590 833 1631 898 de

431 943 541 1008 assisis
553 941 673 1020 fractis,
684 952 718 1007 et
729 942 790 1006 alia
801 963 863 1027 que
879 943 919 1007 ed
929 952 1025 1008 turns
1036 942 1233 1008 vicecomitis
1243 950 1412 1026 spectant3
1436 942 1539 1005 donec
1554 936 1631 1001 sub-

431 1045 608 1110 tracciones
623 1045 766 1130 predicte
786 1046 869 1110 facte
895 1055 1005 1110 essent
1029 1066 1087 1130 per
1101 1043 1283 1108 Walterum
1298 1044 1339 1108 de
1354 1043 1537 1120 Merelawe,
1553 1051 1631 1105 tunc

431 1148 584 1212 ballivum
601 1148 641 1212 de
658 1148 867 1226 Rothewelle,
883 1162 917 1212 et
940 1157 1011 1212 toto
1027 1163 1173 1232 tempore
1198 1147 1356 1232 predicto,
1382 1155 1416 1210 et
1441 1144 1538 1209 etiam
1553 1152 1631 1228 post

431 1263 561 1336 tempus
585 1251 662 1315 dicti
687 1250 825 1315 Walteri
851 1260 1090 1316 consueverunt
1114 1250 1224 1315 ballivi
1247 1248 1373 1314 abbatis
1399 1249 1440 1313 de
1464 1249 1573 1332 Burgo
1595 1246 1629 1310 in

431 1355 582 1420 omnibus
597 1354 700 1420 feodis
715 1353 869 1439 predictis
892 1355 1023 1440 pacifice
1046 1354 1151 1420 levare
1175 1354 1323 1418 denarios
1338 1351 1461 1418 domini
1477 1351 1574 1436 Regis
1589 1350 1629 1414 de

431 1459 688 1524 summonicione
704 1458 860 1524 Scaccarii
874 1458 1020 1523 redditus
1035 1458 1140 1537 assisi,
1161 1467 1200 1522 ut
1222 1457 1262 1521 de
1288 1455 1460 1542 serjantiis,
1486 1453 1629 1535 essartis,

430 1563 537 1627 warda
551 1563 592 1628 de
604 1562 821 1648 Rolringham‚
830 1561 957 1626 auxiliis
966 1561 1204 1640 vicecomitum,
1216 1570 1249 1626 et
1263 1560 1373 1626 omnia
1381 1558 1491 1624 debita
1505 1556 1629 1622 domini

431 1666 529 1752 Regis
544 1674 578 1731 et
591 1667 653 1730 alia
667 1687 730 1752 que
744 1665 785 1730 ad
800 1665 968 1730 dominum
984 1667 1106 1751 Regem
1126 1665 1301 1750 pertinent,
1327 1673 1361 1728 et
1383 1663 1487 1726 facere
1513 1680 1628 1726 execu-

429 1770 556 1834 cionem
571 1768 718 1834 brevium
740 1767 865 1833 domini
880 1768 978 1853 Regis
994 1769 1063 1832 sine
1078 1768 1185 1853 aliquo
1209 1767 1443 1852 inpedimento,
1468 1763 1627 1850 usquead

428 1881 559 1956 tempus
576 1871 710 1937 Henrici
726 1870 766 1935 de
789 1871 987 1936 Puddelcote
1001 1870 1111 1936 ballivi
1136 1870 1177 1935 de
1204 1870 1355 1948 Revelle,
1384 1879 1418 1933 et
1432 1869 1529 1933 etiam
1544 1877 1626 1932 tem·

428 1995 506 2058 pore
528 1973 631 2059 ipsius
661 1973 797 2039 Henrici
822 1975 990 2060 usquead
1016 1973 1180 2039 modicum
1207 1986 1338 2058 tempus
1362 1981 1438 2038 ante
1463 1993 1626 2037 recessum

429 2098 524 2140 suum
541 2099 559 2139 a
574 2075 720 2161 partibus
736 2076 889 2156 linwede,
904 2077 961 2161 qui
975 2085 1054 2142 tunc
1069 2078 1174 2163 primo
1190 2077 1250 2142 hec
1264 2099 1330 2141 non
1345 2075 1501 2161 permisit

471 2181 556 2244 Item
584 2179 694 2245 ballivi
718 2179 856 2264 predicti
881 2180 1009 2245 comitis
1034 2179 1264 2246 subtraxerunt
1286 2189 1389 2244 totnm
1415 2179 1558 2242 villatam
1584 2179 1625 2243 de

426 2283 579 2363 Bartona,
591 2305 654 2368 que
668 2283 839 2348 consuevit
852 2282 962 2348 venire
978 2283 1019 2348 ad
1035 2283 1099 2348 duo
1114 2305 1231 2368 magna
1244 2280 1412 2348 hundreda
1423 2303 1624 2368 perannum,

424 2408 487 2470 que
513 2385 716 2471 appellentur
738 2385 849 2449 'lurna
874 2385 1084 2464 vicecomitis,
1108 2394 1142 2449 et
1165 2385 1286 2449 ibidem
1309 2385 1412 2450 iecere
1438 2407 1476 2450 ea
1498 2407 1561 2469 que
1583 2384 1625 2450 ad

423 2489 646 2554 vicecomitem
660 2488 833 2573 pertinent.

467 2591 551 2655 Item
568 2591 699 2656 terciam
714 2601 839 2675 partem
855 2591 963 2656 villate
978 2593 1019 2658 de
1034 2593 1191 2658 Burtona.
1212 2591 1358 2656 Tertiam
1374 2601 1498 2676 partem
1513 2591 1622 2656 villate

423 2694 463 2758 de
477 2693 668 2760 Wodeford.
712 2695 859 2759 Terciam
884 2705 1010 2780 partem
1032 2697 1141 2761 villate
1166 2697 1206 2759 de
1232 2695 1432 2779 'l'hingdene
1476 2695 1620 2759 'Porciam

422 2805 545 2879 partem
557 2797 668 2861 villata
682 2797 722 2862 de
738 2797 895 2862 Lufwike.
940 2798 1086 2863 Terciam
1108 2810 1233 2883 partem
1253 2796 1361 2861 villate
1376 2797 1417 2860 de
1432 2797 1621 2861 Cranelord.

420 2899 566 2964 Terciam
577 2911 701 2985 partem
710 2900 819 2965 villate
829 2900 1087 2988 deThrapstona.
1111 2899 1323 2966 Medietatem
1332 2899 1440 2966 villate
1450 2902 1490 2966 de
1497 2900 1622 2985 Ading-

420 3012 509 3068 tone.
552 3005 668 3070 Totam
684 3004 826 3070 villatam
850 3005 891 3069 de
914 3005 1091 3071 Denelord·
1136 3004 1295 3070 Octavam
1318 3014 1443 3089 partem
1457 3005 1566 3070 villate
1581 3004 1621 3068 de

419 3104 614 3172 Audewicle.

464 3209 537 3276 Qus
552 3211 683 3296 quidem
697 3211 807 3275 villate
822 3221 856 3274 et
878 3219 987 3298 partes
1011 3210 1228 3295 predictarum
1244 3211 1428 3276 villatarum
1443 3233 1620 3280 consueve-

420 3323 497 3375 runt
511 3335 582 3377 esse
597 3313 831 3399 respondentes
845 3313 972 3378 ballivis
998 3312 1125 3377 abbatis
1151 3314 1192 3378 de
1207 3314 1317 3399 Burgo
1340 3314 1375 3377 in
1390 3315 1542 3380 omnibus
1558 3336 1620 3399 que

420 3415 588 3479 dominum
601 3417 724 3502 Regem
738 3427 886 3502 tangunt,
902 3417 986 3482 sicut
1000 3427 1033 3482 et
1048 3427 1153 3482 cetere
1167 3417 1243 3482 ville
1258 3439 1321 3502 que
1336 3428 1414 3482 sunt
1428 3419 1510 3482 infra
1524 3417 1620 3482 liber·

420 3526 520 3579 tatem
536 3515 614 3580 dicti
629 3517 767 3595 abbatis,
781 3519 815 3582 in
831 3517 949 3602 quibus
964 3517 1074 3583 ballivi
1096 3517 1174 3583 dicti
1189 3517 1317 3583 comitis
1332 3539 1399 3582 non
1425 3517 1619 3601 permittunt

419 3617 556 3682 ballivos
571 3619 649 3684 dicti
663 3619 789 3685 abbatis
804 3619 913 3686 debita
927 3621 1052 3686 domini
1066 3621 1164 3706 Regis
1179 3621 1295 3699 levare,
1311 3619 1351 3684 de
1367 3618 1484 3704 quibus
1500 3619 1618 3685 debitis

421 3719 527 3784 dictus
542 3721 641 3786 abbas
656 3724 697 3787 ed
713 3722 913 3786 scaccarium
930 3723 1053 3786 domini
1069 3723 1166 3808 Regis
1181 3731 1343 3800 oneratur,
1359 3731 1392 3785 et
1406 3721 1482 3788 inde
1497 3722 1617 3790 ibidem

421 3823 518 3887 debet
531 3825 726 3908 respondere
740 3846 798 3909 per
813 3845 945 3887 manum
961 3846 1063 3890 suam.

466 3925 551 3990 Item
566 3926 642 3992 dicti
658 3927 768 3992 ballivi
782 3927 906 3992 domini
921 3926 1048 3992 comitis
1072 3949 1138 3992 non
1160 3927 1355 4013 permittunt
1377 3927 1514 3997 ballivos
1540 3932 1617 3998 dicti

421 4030 630 4095 exeeuciones
656 4031 802 4096 brevium
823 4029 947 4095 domini
968 4030 1066 4116 Regis
1088 4031 1191 4096 lacere
1214 4030 1249 4096 in
1264 4031 1348 4098 villis
1370 4035 1552 4115 antedictis,
1576 4035 1616 4100 de

421 4131 537 4218 quibus
553 4133 659 4197 dictus
674 4131 773 4198 abbas
788 4131 886 4198 habet
900 4142 1070 4198 returnum
1085 4155 1143 4218 per
1157 4144 1277 4199 cartam
1293 4133 1416 4200 domini
1433 4136 1541 4222 Regis.
