3938 5022
417 601 480 663 llo
734 617 948 667 onnonrcon
965 618 1293 664 cernonunonnsc.

458 770 603 835 Thomas
631 770 827 836 Goldcmere
852 771 1022 837 consucvit
1047 771 1167 850 venire,
1190 772 1283 856 cujus
1309 777 1410 833 terres
1431 765 1616 832 Willelmus

418 871 504 938 filius
521 894 600 936 suus
615 880 719 937 tenet.

462 975 609 1058 Rogerus
635 974 803 1060 Wildcgos
833 975 1003 1042 consucvit
1030 977 1152 1056 venire,
1181 976 1274 1060 cujus
1299 985 1403 1040 terres
1431 973 1617 1038 Willclmus

419 1076 502 1144 Bate
516 1086 617 1142 tenet.

463 1179 607 1244 Thomas
621 1179 725 1264 Ingrit
736 1180 907 1246 consuevit
917 1181 1038 1262 venire,
1049 1183 1143 1268 cujus
1154 1183 1289 1247 heredes
1302 1198 1380 1246 sunt
1389 1181 1473 1245 infre
1487 1188 1617 1243 etatem.

461 1283 576 1348 Simon
588 1284 679 1348 Picte
690 1285 860 1350 consucvit
870 1285 990 1364 venire,
1000 1286 1093 1370 cujus
1103 1295 1203 1349 terres
1215 1284 1399 1348 Willelmus
1413 1282 1501 1347 Picte
1513 1290 1613 1345 tenet

462 1384 647 1471 Stephanus
677 1388 788 1452 Bcrun
814 1387 984 1452 consuevit
1008 1387 1130 1467 venire,
1155 1387 1248 1472 cujus
1274 1385 1409 1451 heredes
1434 1394 1512 1449 sunt
1534 1383 1617 1447 infre

417 1498 550 1554 etatem.

462 1591 576 1655 Simon
592 1591 763 1657 Munsorcl
778 1594 949 1659 consucvit
962 1594 1084 1672 venire,
1098 1593 1192 1678 cujus
1207 1603 1308 1658 terras
1334 1593 1498 1657 Henricus
1515 1591 1617 1655 Mun·

419 1695 503 1760 sorel
516 1705 619 1760 tenet.

425 1829 427 1832 ·
462 1798 709 1864 Predecessores
724 1797 850 1864 abbatis
866 1801 906 1864 de
923 1800 1043 1887 Soleby
1057 1809 1296 1866 consueverunt
1310 1799 1429 1863 venire.

463 1900 654 1985 Redulphus
664 1901 750 1965 filius
760 1901 916 1966 Willelmi
928 1904 1098 1969 consucvit
1106 1904 1226 1983 venire,
1238 1903 1331 1988 cujus
1340 1911 1440 1966 terras
1457 1900 1616 1965 Radulfus

418 2001 503 2068 filius
519 2023 597 2066 suus
612 2011 713 2068 tenet.

464 2104 612 2170 Andreas
628 2104 803 2170 Aboveton
819 2104 917 2170 debet
932 2105 1051 2186 venire,
1067 2108 1160 2192 cujus
1183 2107 1438 2192 predecessores,
1453 2106 1618 2190 quondam

418 2215 567 2274 tenentes
583 2217 682 2272 terras
698 2230 778 2293 quas
793 2207 863 2293 ipse
878 2217 979 2287 tenet,
995 2207 1143 2273 solebant
1158 2209 1277 2272 venire.

463 2309 620 2376 Ricardus
637 2311 877 2398 Wllcmongere
903 2311 1029 2377 solebat
1052 2312 1172 2391 venire,
1198 2313 1291 2397 cujus
1319 2321 1419 2376 terras
1433 2310 1618 2377 Willclmus

418 2411 628 2500 Wlmongere
643 2423 744 2479 tenet.

465 2515 654 2582 Willclmus
671 2518 869 2583 Cerctterius
885 2517 1011 2583 solebat
1024 2519 1145 2598 venire,
1160 2518 1215 2604 qui
1231 2519 1336 2583 adhuc
1352 2529 1517 2604 superstes
1532 2529 1593 2583 est.

462 2618 546 2682 Toto
561 2619 671 2682 villata
686 2620 784 2684 debet
798 2621 976 2705 presentari
992 2643 1051 2706 per
1066 2643 1122 2685 sex
1138 2621 1291 2706 capitales
1307 2621 1527 2684 decennarius.

198 2736 256 2798 (sor.
268 2739 335 2787 mii.
348 2736 391 2802 ν.)
469 2738 485 2802 s
501 2721 542 2786 In
558 2721 715 2785 Burtone.
730 2722 862 2786 feodum
878 2721 1005 2786 abbatis
1021 2723 1061 2788 de
1077 2723 1253 2802 (hortona,
1269 2725 1362 2808 cujus
1377 2723 1620 2807 predecessores

200 2856 314 2906 eunom.
421 2833 661 2888 consueverunt
675 2824 795 2889 venire.

463 2925 647 2991 Willelmus
675 2925 828 3013 Gilemyn
855 2927 1025 2992 consuevit
1047 2925 1169 3006 venire,
1206 2928 1298 3014 cujus
1322 2937 1423 2992 terras
1448 2929 1618 2995 Johannes

421 3028 574 3115 Gilemyn
590 3039 625 3095 et
638 3031 762 3094 Alenus
779 3031 933 3116 Gilemyn
948 3041 1072 3096 tenent.

463 3132 628 3196 Walterus
644 3131 685 3198 de
697 3133 829 3220 Estwey
844 3133 1015 3198 consuevit
1029 3133 1149 3212 venire,
1162 3132 1255 3218 cujus
1271 3142 1372 3198 terres
1381 3133 1566 3200 Willelmus
1579 3135 1619 3200 de

420 3235 553 3322 Estwey
567 3245 668 3301 tenet.

466 3339 628 3403 Henricus
651 3340 692 3403 de
715 3339 854 3404 Hishnm
877 3349 911 3404 et
936 3339 1098 3404 Robertus
1114 3339 1155 3403 de
1180 3339 1356 3406 Herdwilrc
1381 3348 1621 3404 consueverunt

421 3440 541 3518 venire,
556 3463 692 3523 quorum
710 3451 811 3506 terres
830 3442 927 3526 Hugo
943 3442 1058 3508 Cobbe
1074 3453 1174 3508 tenet.

465 3541 649 3606 Willelmus
679 3542 828 3607 Mabelot
854 3544 1023 3608 consucvit
1052 3544 1172 3622 venire,
1202 3545 1295 3628 cujus
1325 3553 1426 3608 terras
1450 3543 1619 3607 Johennes

421 3641 616 3727 Wytewrcle
631 3653 731 3707 tenet.

465 3743 618 3808 Wnrinus
634 3746 769 3810 clericus
784 3745 953 3810 consuevit
971 3745 1091 3826 venire,
1107 3746 1199 3831 cujus
1226 3754 1327 3810 terras
1342 3745 1511 3810 Johennes
1528 3744 1620 3811 Giles

421 3857 455 3916 et
465 3846 634 3913 Johcnnes
651 3846 803 3932 Gilemyn
819 3855 941 3910 tenent.

465 3949 633 4017 Johannes
649 3948 689 4012 de
706 3947 816 4012 lshnm
832 3947 1001 4012 consuevit
1011 3947 1131 4027 venire,
1141 3949 1233 4034 cujus
1243 3957 1345 4013 terres
1357 3949 1522 4016 Walterus
1535 3951 1621 4016 filius

425 4051 541 4137 Rogcri
556 4060 656 4114 tenet.

464 4157 628 4222 Tenentes
655 4156 694 4220 de
720 4155 816 4220 feodo
838 4152 955 4239 prioris
981 4155 1021 4218 dc
1044 4153 1267 4222 Bredcnstolre
1292 4179 1357 4221 non
1384 4167 1623 4222 consueverunt
