3894 5024
637 623 851 684 onnonroon
869 624 1196 670 ensnonunonnsa.
1460 615 1519 672 145

317 781 504 840 tenemento
529 774 617 861 quod
642 775 683 841 de
702 776 774 862 ipso
797 785 889 842 tenet
913 775 947 841 in
975 776 1203 858 Chircheleud,
1224 775 1365 856 Undele,
1387 776 1518 858 Stokes,

320 875 558 962 Wermigtona.
808 901 811 906 ·

364 978 616 1045 Memorandum
632 980 720 1064 quod
736 979 927 1066 Redulphus
951 980 1107 1046 Porthors
1128 981 1207 1046 fecit
1220 982 1407 1067 homagium
1422 1003 1518 1048 suum

319 1091 355 1148 et
367 1083 558 1150 fidelitatem
580 1083 714 1150 domino
739 1082 880 1150 Ricardo
905 1083 1016 1150 abbati
1039 1106 1125 1149 anno
1152 1086 1339 1172 supradicto
1362 1085 1403 1151 de
1429 1095 1521 1151 tene-

319 1195 431 1251 mento
445 1208 506 1252 auo
520 1207 596 1252 cum
606 1187 814 1272 pertinenciis
829 1187 863 1252 in
877 1188 955 1254 villa
970 1188 1010 1252 de
1027 1186 1206 1254 Pokabroc.

363 1286 616 1353 Memorandum
651 1289 739 1373 quod
771 1288 951 1354 Nicholaus
977 1289 1018 1355 de
1051 1289 1295 1356 Hibaldestowe
1325 1290 1519 1376 Capelianus

319 1385 398 1452 fecit
411 1388 599 1474 homagium
625 1400 660 1455 et
678 1391 868 1456 fidelitatem
891 1391 1026 1457 domino
1050 1391 1189 1456 Ricardo
1204 1392 1245 1455 de
1267 1391 1449 1456 Londoniis
1463 1393 1520 1456 ab·

319 1489 388 1556 bati
403 1491 504 1576 Burgi
520 1491 572 1557 die
588 1491 701 1558 Sancti
715 1490 877 1556 Jobsnnia
893 1492 1102 1576 Evangeliste
1116 1491 1204 1577 apud
1220 1491 1444 1556 Fickertonam
1460 1515 1520 1577 pro

319 1601 508 1660 tenemento
524 1594 613 1678 quod
628 1593 669 1658 de
683 1592 756 1678 ipso
774 1600 866 1657 tenet
879 1592 913 1656 in
931 1592 1174 1658 Hibaldestowe
1188 1591 1221 1655 in
1237 1591 1403 1677 presencia
1417 1593 1522 1656 domi·

320 1715 438 1760 norum
461 1694 607 1781 magistri
621 1693 756 1760 Roberti
771 1693 812 1760 de
827 1692 977 1758 Sceffeud
992 1693 1158 1758 senescalli
1174 1692 1284 1777 Burgi,
1299 1701 1333 1758 et
1358 1692 1382 1757 J
1383 1693 1520 1760 ohannis

321 1798 363 1863 de
376 1797 515 1884 Afforby
528 1807 653 1864 rectore
667 1795 800 1862 ecclesie
816 1796 856 1860 de
867 1795 993 1875 Castra,
1009 1794 1173 1880 Radulphi
1189 1794 1311 1874 Garun,
1325 1804 1360 1860 et
1373 1795 1521 1876 aliorum,

321 1921 407 1966 anno
422 1900 547 1966 domini
563 1900 689 1966 M⁰.c⁰o.
713 1898 911 1985 octogesimo
934 1920 1033 1964 nono.
1077 1898 1123 1963 Et
1147 1919 1232 1962 anno
1254 1897 1377 1963 domini
1392 1899 1522 1963 Ricardi

321 2003 362 2067 de
382 2003 564 2068 Londoniis
586 2001 712 2067 abbatis
735 2001 837 2087 Burgi
859 2001 1000 2086 septimo
1023 1999 1160 2065 decimo.
1204 2002 1303 2065 Anno
1318 2001 1408 2086 regni
1424 2003 1521 2087 Regis

322 2102 473 2169 Edwardi
488 2104 614 2170 decimo
629 2113 756 2169 octavo.
803 2102 849 2167 Et
858 2102 1027 2168 sciendum
1042 2101 1129 2187 quod
1141 2101 1203 2167 iste
1214 2101 1393 2167 Nicholaus
1406 2102 1522 2189 Capel-

320 2207 415 2270 lanus
430 2207 511 2272 emit
526 2206 649 2272 dictum
664 2212 888 2271 tenementum
910 2205 945 2269 in
968 2203 1212 2270 Hibaldestowe
1235 2205 1276 2271 de
1300 2205 1466 2272 Willelmo
1481 2208 1522 2274 de

321 2309 398 2374 Alta
413 2309 498 2396 Ripa
510 2308 658 2397 predicto
673 2307 833 2393 superius.

837 2499 1022 2544 nonnum.

365 2621 617 2688 Memorandum
633 2619 720 2705 quod
734 2618 897 2684 Robertus
911 2616 998 2682 filius
1014 2615 1155 2702 Philippi
1171 2616 1201 2680 le
1217 2618 1355 2684 Freman
1371 2620 1411 2684 de
1425 2621 1521 2686 Tine-

321 2722 422 2802 nelle,
443 2723 496 2790 dle
511 2731 693 2788 sanctarum
715 2720 876 2806 virginum
892 2717 1082 2803 Kiueburge
1097 2728 1131 2784 et
1147 2717 1349 2785 Kineswithe
1364 2730 1399 2786 et
1417 2723 1522 2804 l'ilbe,

322 2827 409 2913 apud
425 2826 570 2910 Burgum
596 2823 673 2888 fecit
695 2821 881 2906 homagium
908 2829 942 2886 et
966 2820 1155 2886 fidelitatem
1178 2821 1312 2887 domino
1328 2824 1466 2889 Ricardo
1481 2826 1522 2890 de

324 2925 505 2993 Londoniis
519 2922 629 2988 abbati
655 2922 756 3006 Burgi
782 2943 841 3006 pro
856 2930 1045 2986 tenemento
1067 2922 1156 3006 quod
1182 2922 1223 2987 de
1247 2924 1380 2988 domino
1406 2925 1522 2992 abbate

199 3034 244 3084 ‘en
324 3036 415 3094 tenet
428 3027 463 3090 in
477 3023 672 3110 l'ynewelle,
687 3023 819 3102 scilicet,
834 3043 893 3108 pro
915 3021 1020 3086 tribus
1035 3021 1162 3086 bovatis
1178 3031 1262 3088 terre
1276 3033 1315 3088 ut
1327 3023 1398 3108 ipse
1413 3045 1523 3112 recog·

155 3116 185 3149 ¹⁰⁶
217 3132 225 3148 '
324 3128 428 3208 novit,
442 3125 607 3194 reddendo
621 3146 679 3210 per
694 3147 816 3189 annum
842 3145 901 3208 pro
927 3125 1042 3188 eodem
1057 3132 1244 3190 tenemento
1259 3125 1424 3190 dimidiam
1440 3149 1523 3192 mar-

323 3253 406 3310 cam,
427 3230 461 3294 in
488 3228 654 3314 presencia
679 3227 823 3312 magistri
850 3225 985 3290 Roberti
1010 3226 1051 3291 de
1078 3225 1229 3290 Sceffcud
1253 3235 1333 3292 tunc
1358 3229 1525 3294 senescalli

324 3331 436 3418 Burgi,
452 3329 587 3395 Henrici
602 3329 707 3394 clerici
722 3337 756 3392 et
770 3327 917 3407 aliorum,
932 3349 1018 3392 enno
1034 3325 1158 3391 domini
1174 3327 1303 3392 M⁰.oo⁰.
1327 3329 1525 3414 octogesimo

324 3455 423 3513 nono,
439 3441 473 3498 et
487 3453 574 3496 anno
588 3430 679 3516 regni
694 3429 793 3516 Regis
809 3428 962 3494 Edwardi
977 3428 1102 3492 decimo
1114 3435 1241 3492 octavo.

368 3532 620 3600 Memorandum
653 3531 741 3616 qnod
770 3551 855 3595 anno
890 3529 1026 3594 Domini
1053 3529 1180 3595 M⁰.oo⁰.
1209 3532 1433 3617 nonogesimo,
1469 3533 1524 3600 vii.

324 3637 478 3704 kalendas
498 3634 631 3722 Aprilis,
652 3634 774 3699 scilicet
797 3633 849 3698 die
864 3633 958 3698 Lune
980 3633 1129 3717 proximo
1151 3643 1228 3718 post
1242 3634 1436 3701 dominicam
1453 3635 1526 3702 Pal-

326 3761 463 3820 marum,
478 3750 512 3805 et
526 3759 612 3804 anno
633 3737 724 3823 regni
739 3737 837 3822 Regis
853 3735 1005 3800 Edwardi
1021 3735 1146 3802 decimo
1161 3746 1287 3816 octavo,
1304 3737 1469 3806 Galfridus
1485 3742 1525 3806 de

202 3841 246 3890 '¹⁸³⁸
327 3841 359 3906 la
373 3842 478 3922 Mare,
493 3841 578 3906 filius
604 3849 638 3905 et
663 3841 756 3904 heres
780 3839 944 3924 quondam
971 3839 1095 3904 domini
1120 3839 1207 3904 Petri
1230 3841 1271 3907 de
1285 3841 1316 3904 la
1331 3841 1435 3924 Mare,
1450 3843 1527 3908 fecit

210 3941 218 3956 '
327 3945 515 4028 homagium
537 3954 571 4009 et
596 3943 785 4030 fidelitatem
812 3943 945 4007 domino
971 3942 1109 4008 Ricardo
1136 3943 1176 4007 de
1202 3944 1384 4009 Londoniis
1406 3945 1526 4024 abbati,

327 4047 416 4132 apud
432 4047 589 4131 Burgum,
603 4067 663 4131 pro
678 4055 866 4112 tenemento
881 4047 969 4130 quod
984 4046 1025 4110 de
1040 4045 1112 4129 ipso
1128 4045 1245 4110 abbate
1261 4047 1361 4131 Burgi
1376 4057 1477 4127 tenet,
1492 4048 1527 4112 in

327 4149 495 4235 presencia
515 4147 719 4212 dominorum
736 4148 807 4214 Blie
823 4149 863 4213 de
879 4147 1081 4232 Bekingham
1098 4147 1221 4213 domini
1237 4149 1335 4234 Regis
1357 4159 1436 4214 tunc
1458 4151 1528 4234 jua-

372 4273 488 4318 onan.
506 4270 581 4316 soc.
1331 4273 1355 4315 u
