<?xml version="1.0" encoding="UTF-8"?>
<!DOCTYPE html PUBLIC "-//W3C//DTD XHTML 1.0 Transitional//EN"
    "http://www.w3.org/TR/xhtml1/DTD/xhtml1-transitional.dtd">
<html xmlns="http://www.w3.org/1999/xhtml" xml:lang="en" lang="en">
 <head>
  <title>
</title>
<meta http-equiv="Content-Type" content="text/html;charset=utf-8" />
  <meta name='ocr-system' content='tesseract 3.04.00' />
  <meta name='ocr-capabilities' content='ocr_page ocr_carea ocr_par ocr_line ocrx_word'/>
</head>
<body>
  <div class='ocr_page' id='page_1' title='image "./chroniconpetrob01brucgoog_0201.png"; bbox 0 0 3894 5024; ppageno 0'>
   <div class='ocr_carea' id='block_1_1' title="bbox 839 589 1535 650">
    <p class='ocr_par' dir='ltr' id='par_1_1' title="bbox 839 589 1535 650">
     <span class='ocr_line' id='line_1_1' title="bbox 839 589 1535 650; baseline 0.003 -2"><span class='ocrx_word' id='word_1_1' title='bbox 839 605 1038 650; x_wconf 75' lang='lat' dir='ltr'><strong>nnrnnnrx.</strong></span> <span class='ocrx_word' id='word_1_2' title='bbox 1477 589 1535 650; x_wconf 82' lang='lat'><strong>181</strong></span> 
     </span>
    </p>
   </div>
   <div class='ocr_carea' id='block_1_2' title="bbox 336 755 1540 900">
    <p class='ocr_par' dir='ltr' id='par_1_2' title="bbox 336 755 1540 900">
     <span class='ocr_line' id='line_1_2' title="bbox 336 755 1540 821; baseline -0.001 -15"><span class='ocrx_word' id='word_1_3' title='bbox 336 773 429 821; x_wconf 80' lang='lat' dir='ltr'><strong>soeege,</strong></span> <span class='ocrx_word' id='word_1_4' title='bbox 441 763 466 806; x_wconf 75' lang='lat' dir='ltr'><strong>et</strong></span> <span class='ocrx_word' id='word_1_5' title='bbox 481 756 629 806; x_wconf 79' lang='lat' dir='ltr'><strong>Godeiridus</strong></span> <span class='ocrx_word' id='word_1_6' title='bbox 644 758 676 804; x_wconf 93' lang='lat' dir='ltr'><strong>de</strong></span> <span class='ocrx_word' id='word_1_7' title='bbox 692 756 803 806; x_wconf 77' lang='lat' dir='ltr'><strong>Gembrei</strong></span> <span class='ocrx_word' id='word_1_8' title='bbox 813 763 888 806; x_wconf 77' lang='lat' dir='ltr'><strong>tenet.</strong></span> <span class='ocrx_word' id='word_1_9' title='bbox 924 757 1042 806; x_wconf 79' lang='lat' dir='ltr'><strong>Ber-obem</strong></span> <span class='ocrx_word' id='word_1_10' title='bbox 1053 757 1115 804; x_wconf 78' lang='lat' dir='ltr'><strong>etin</strong></span> <span class='ocrx_word' id='word_1_11' title='bbox 1126 755 1187 806; x_wconf 75' lang='lat' dir='ltr'><strong>Sion</strong></span> <span class='ocrx_word' id='word_1_12' title='bbox 1199 755 1243 804; x_wconf 89' lang='lat' dir='ltr'><strong>.iii.</strong></span> <span class='ocrx_word' id='word_1_13' title='bbox 1263 757 1361 804; x_wconf 82' lang='lat' dir='ltr'><strong>bovetee</strong></span> <span class='ocrx_word' id='word_1_14' title='bbox 1378 756 1404 804; x_wconf 89' lang='lat' dir='ltr'><strong>in</strong></span> <span class='ocrx_word' id='word_1_15' title='bbox 1423 755 1540 805; x_wconf 88' lang='lat' dir='ltr'><strong>dominio.</strong></span> 
     </span>
     <span class='ocr_line' id='line_1_3' title="bbox 338 835 1540 900; baseline -0.003 -12"><span class='ocrx_word' id='word_1_16' title='bbox 338 840 456 888; x_wconf 83' lang='lat' dir='ltr'><strong>Berebem</strong></span> <span class='ocrx_word' id='word_1_17' title='bbox 467 839 521 886; x_wconf 75' lang='lat' dir='ltr'><strong>iiii.</strong></span> <span class='ocrx_word' id='word_1_18' title='bbox 533 843 668 886; x_wconf 79' lang='lat' dir='ltr'><strong>eerruoebse</strong></span> <span class='ocrx_word' id='word_1_19' title='bbox 678 852 762 900; x_wconf 85' lang='lat' dir='ltr'><strong>soeege</strong></span> <span class='ocrx_word' id='word_1_20' title='bbox 777 839 808 885; x_wconf 90' lang='lat' dir='ltr'><strong>de</strong></span> <span class='ocrx_word' id='word_1_21' title='bbox 827 845 890 886; x_wconf 79' lang='lat' dir='ltr'><strong>terre</strong></span> <span class='ocrx_word' id='word_1_22' title='bbox 906 839 1019 887; x_wconf 86' lang='lat' dir='ltr'><strong>Hsldene</strong></span> <span class='ocrx_word' id='word_1_23' title='bbox 1037 844 1062 886; x_wconf 81' lang='lat' dir='ltr'><strong>et</strong></span> <span class='ocrx_word' id='word_1_24' title='bbox 1077 839 1143 900; x_wconf 81' lang='lat' dir='ltr'><strong>jeeei</strong></span> <span class='ocrx_word' id='word_1_25' title='bbox 1153 837 1185 884; x_wconf 87' lang='lat' dir='ltr'><strong>sd</strong></span> <span class='ocrx_word' id='word_1_26' title='bbox 1196 835 1314 886; x_wconf 68' lang='lat' dir='ltr'><strong>witham.</strong></span> <span class='ocrx_word' id='word_1_27' title='bbox 1348 836 1409 885; x_wconf 82' lang='lat' dir='ltr'><strong>Stou</strong></span> <span class='ocrx_word' id='word_1_28' title='bbox 1421 837 1447 885; x_wconf 87' lang='lat' dir='ltr'><strong>.i.</strong></span> <span class='ocrx_word' id='word_1_29' title='bbox 1459 850 1540 884; x_wconf 73' lang='grc' dir='ltr'><strong>ωπ-</strong></span> 
     </span>
    </p>
   </div>
   <div class='ocr_carea' id='block_1_3' title="bbox 336 1029 1551 4192">
    <p class='ocr_par' dir='ltr' id='par_1_3' title="bbox 336 1029 1551 4192">
     <span class='ocr_line' id='line_1_4' title="bbox 336 1029 1542 1093; baseline -0.004 -11"><span class='ocrx_word' id='word_1_30' title='bbox 336 1035 406 1082; x_wconf 86' lang='lat' dir='ltr'><strong>Idem</strong></span> <span class='ocrx_word' id='word_1_31' title='bbox 415 1034 490 1079; x_wconf 78' lang='lat' dir='ltr'><strong>ebbes</strong></span> <span class='ocrx_word' id='word_1_32' title='bbox 499 1035 566 1078; x_wconf 78' lang='lat' dir='ltr'><strong>tenet</strong></span> <span class='ocrx_word' id='word_1_33' title='bbox 576 1031 602 1076; x_wconf 90' lang='lat' dir='ltr'><strong>in</strong></span> <span class='ocrx_word' id='word_1_34' title='bbox 614 1029 776 1090; x_wconf 81' lang='lat' dir='ltr'><strong>Meseingbsm</strong></span> <span class='ocrx_word' id='word_1_35' title='bbox 792 1029 891 1077; x_wconf 76' lang='lat' dir='ltr'><strong>feodum</strong></span> <span class='ocrx_word' id='word_1_36' title='bbox 901 1031 975 1077; x_wconf 88' lang='lat' dir='ltr'><strong>unius</strong></span> <span class='ocrx_word' id='word_1_37' title='bbox 992 1031 1076 1078; x_wconf 85' lang='lat' dir='ltr'><strong>militie</strong></span> <span class='ocrx_word' id='word_1_38' title='bbox 1095 1031 1126 1078; x_wconf 91' lang='lat' dir='ltr'><strong>de</strong></span> <span class='ocrx_word' id='word_1_39' title='bbox 1146 1031 1244 1079; x_wconf 90' lang='lat' dir='ltr'><strong>domino</strong></span> <span class='ocrx_word' id='word_1_40' title='bbox 1264 1031 1335 1093; x_wconf 86' lang='lat' dir='ltr'><strong>Regi.</strong></span> <span class='ocrx_word' id='word_1_41' title='bbox 1369 1031 1500 1078; x_wconf 81' lang='lat' dir='ltr'><strong>Fnlbertue</strong></span> <span class='ocrx_word' id='word_1_42' title='bbox 1510 1031 1542 1077; x_wconf 94' lang='lat' dir='ltr'><strong>de</strong></span> 
     </span>
     <span class='ocr_line' id='line_1_5' title="bbox 337 1111 1541 1174; baseline -0.004 -11"><span class='ocrx_word' id='word_1_43' title='bbox 337 1117 417 1163; x_wconf 84' lang='lat' dir='ltr'><strong>Dovre</strong></span> <span class='ocrx_word' id='word_1_44' title='bbox 427 1119 492 1161; x_wconf 77' lang='lat' dir='ltr'><strong>benet</strong></span> <span class='ocrx_word' id='word_1_45' title='bbox 502 1112 564 1159; x_wconf 88' lang='lat' dir='ltr'><strong>illud</strong></span> <span class='ocrx_word' id='word_1_46' title='bbox 576 1111 606 1159; x_wconf 91' lang='lat' dir='ltr'><strong>de</strong></span> <span class='ocrx_word' id='word_1_47' title='bbox 621 1126 657 1158; x_wconf 91' lang='lat' dir='ltr'><strong>eo.</strong></span> <span class='ocrx_word' id='word_1_48' title='bbox 692 1111 762 1158; x_wconf 83' lang='lat' dir='ltr'>Idem</span> <span class='ocrx_word' id='word_1_49' title='bbox 772 1113 847 1158; x_wconf 80' lang='lat' dir='ltr'><strong>ebbes</strong></span> <span class='ocrx_word' id='word_1_50' title='bbox 863 1119 929 1160; x_wconf 76' lang='lat' dir='ltr'><strong>tenet</strong></span> <span class='ocrx_word' id='word_1_51' title='bbox 948 1113 974 1159; x_wconf 91' lang='lat' dir='ltr'><strong>in</strong></span> <span class='ocrx_word' id='word_1_52' title='bbox 994 1111 1102 1174; x_wconf 83' lang='lat' dir='ltr'><strong>Hultorp</strong></span> <span class='ocrx_word' id='word_1_53' title='bbox 1120 1113 1231 1173; x_wconf 66' lang='lat' dir='ltr'><strong>quintum</strong></span> <span class='ocrx_word' id='word_1_54' title='bbox 1248 1119 1340 1174; x_wconf 77' lang='lat' dir='ltr'><strong>purtem</strong></span> <span class='ocrx_word' id='word_1_55' title='bbox 1359 1114 1433 1160; x_wconf 88' lang='lat' dir='ltr'><strong>unius</strong></span> <span class='ocrx_word' id='word_1_56' title='bbox 1449 1112 1541 1159; x_wconf 82' lang='lat' dir='ltr'><strong>militis.</strong></span> 
     </span>
     <span class='ocr_line' id='line_1_6' title="bbox 337 1193 1543 1244; baseline -0.003 0"><span class='ocrx_word' id='word_1_57' title='bbox 337 1198 456 1244; x_wconf 74' lang='lat' dir='ltr'><strong>liebertus</strong></span> <span class='ocrx_word' id='word_1_58' title='bbox 470 1196 501 1242; x_wconf 92' lang='lat' dir='ltr'><strong>de</strong></span> <span class='ocrx_word' id='word_1_59' title='bbox 521 1193 615 1242; x_wconf 79' lang='lat' dir='ltr'><strong>Hssebi</strong></span> <span class='ocrx_word' id='word_1_60' title='bbox 633 1199 701 1241; x_wconf 78' lang='lat' dir='ltr'><strong>tenet</strong></span> <span class='ocrx_word' id='word_1_61' title='bbox 719 1194 780 1240; x_wconf 88' lang='lat' dir='ltr'><strong>iilud</strong></span> <span class='ocrx_word' id='word_1_62' title='bbox 800 1195 831 1241; x_wconf 93' lang='lat' dir='ltr'><strong>de</strong></span> <span class='ocrx_word' id='word_1_63' title='bbox 849 1209 887 1242; x_wconf 90' lang='lat' dir='ltr'><strong>eo.</strong></span> <span class='ocrx_word' id='word_1_64' title='bbox 921 1195 991 1241; x_wconf 83' lang='lat' dir='ltr'>Idem</span> <span class='ocrx_word' id='word_1_65' title='bbox 1009 1197 1083 1242; x_wconf 82' lang='lat' dir='ltr'><strong>ebbes</strong></span> <span class='ocrx_word' id='word_1_66' title='bbox 1101 1200 1168 1242; x_wconf 84' lang='lat' dir='ltr'><strong>tenet</strong></span> <span class='ocrx_word' id='word_1_67' title='bbox 1186 1195 1212 1241; x_wconf 86' lang='lat' dir='ltr'><strong>in</strong></span> <span class='ocrx_word' id='word_1_68' title='bbox 1232 1195 1335 1244; x_wconf 77' lang='lat' dir='ltr'><strong>Seottun</strong></span> <span class='ocrx_word' id='word_1_69' title='bbox 1353 1197 1452 1243; x_wconf 80' lang='lat' dir='ltr'><strong>feodum</strong></span> <span class='ocrx_word' id='word_1_70' title='bbox 1470 1195 1543 1241; x_wconf 87' lang='lat' dir='ltr'><strong>unius</strong></span> 
     </span>
     <span class='ocr_line' id='line_1_7' title="bbox 336 1277 1541 1338; baseline -0.002 -11"><span class='ocrx_word' id='word_1_71' title='bbox 336 1281 419 1327; x_wconf 82' lang='lat' dir='ltr'><strong>militis</strong></span> <span class='ocrx_word' id='word_1_72' title='bbox 429 1285 454 1326; x_wconf 76' lang='lat' dir='ltr'><strong>et</strong></span> <span class='ocrx_word' id='word_1_73' title='bbox 472 1279 570 1326; x_wconf 74' lang='lat' dir='ltr'><strong>teroiem</strong></span> <span class='ocrx_word' id='word_1_74' title='bbox 589 1283 682 1338; x_wconf 81' lang='lat' dir='ltr'><strong>portem</strong></span> <span class='ocrx_word' id='word_1_75' title='bbox 699 1277 764 1324; x_wconf 80' lang='lat' dir='ltr'><strong>ieodi</strong></span> <span class='ocrx_word' id='word_1_76' title='bbox 780 1278 853 1323; x_wconf 89' lang='lat' dir='ltr'><strong>unius</strong></span> <span class='ocrx_word' id='word_1_77' title='bbox 870 1277 962 1324; x_wconf 82' lang='lat' dir='ltr'><strong>militis.</strong></span> <span class='ocrx_word' id='word_1_78' title='bbox 997 1277 1116 1324; x_wconf 82' lang='lat' dir='ltr'><strong>Robertns</strong></span> <span class='ocrx_word' id='word_1_79' title='bbox 1135 1278 1166 1324; x_wconf 90' lang='lat' dir='ltr'><strong>de</strong></span> <span class='ocrx_word' id='word_1_80' title='bbox 1183 1277 1279 1325; x_wconf 84' lang='lat' dir='ltr'><strong>Neville</strong></span> <span class='ocrx_word' id='word_1_81' title='bbox 1297 1285 1363 1326; x_wconf 82' lang='lat' dir='ltr'><strong>tenet</strong></span> <span class='ocrx_word' id='word_1_82' title='bbox 1380 1279 1442 1326; x_wconf 89' lang='lat' dir='ltr'><strong>illud</strong></span> <span class='ocrx_word' id='word_1_83' title='bbox 1461 1279 1493 1325; x_wconf 91' lang='lat' dir='ltr'><strong>de</strong></span> <span class='ocrx_word' id='word_1_84' title='bbox 1504 1292 1541 1325; x_wconf 89' lang='lat' dir='ltr'><strong>eo.</strong></span> 
     </span>
     <span class='ocr_line' id='line_1_8' title="bbox 337 1357 1543 1406; baseline 0 0"><span class='ocrx_word' id='word_1_85' title='bbox 337 1360 407 1406; x_wconf 82' lang='lat' dir='ltr'><strong>idem</strong></span> <span class='ocrx_word' id='word_1_86' title='bbox 417 1361 490 1406; x_wconf 83' lang='lat' dir='ltr'><strong>ebbes</strong></span> <span class='ocrx_word' id='word_1_87' title='bbox 500 1364 567 1406; x_wconf 76' lang='lat' dir='ltr'><strong>tenet</strong></span> <span class='ocrx_word' id='word_1_88' title='bbox 577 1359 603 1404; x_wconf 93' lang='lat' dir='ltr'><strong>in</strong></span> <span class='ocrx_word' id='word_1_89' title='bbox 615 1358 716 1405; x_wconf 68' lang='lat' dir='ltr'><strong>elehem</strong></span> <span class='ocrx_word' id='word_1_90' title='bbox 727 1358 825 1404; x_wconf 86' lang='lat' dir='ltr'><strong>ieodum</strong></span> <span class='ocrx_word' id='word_1_91' title='bbox 837 1357 932 1403; x_wconf 90' lang='lat' dir='ltr'><strong>dimidii</strong></span> <span class='ocrx_word' id='word_1_92' title='bbox 943 1357 1033 1405; x_wconf 89' lang='lat' dir='ltr'><strong>militis.</strong></span> <span class='ocrx_word' id='word_1_93' title='bbox 1064 1357 1184 1404; x_wconf 80' lang='lat' dir='ltr'><strong>Robertns</strong></span> <span class='ocrx_word' id='word_1_94' title='bbox 1195 1357 1226 1405; x_wconf 91' lang='lat' dir='ltr'><strong>de</strong></span> <span class='ocrx_word' id='word_1_95' title='bbox 1236 1358 1354 1406; x_wconf 80' lang='lat' dir='ltr'><strong>Melletun</strong></span> <span class='ocrx_word' id='word_1_96' title='bbox 1365 1365 1431 1406; x_wconf 77' lang='lat' dir='ltr'><strong>tenet</strong></span> <span class='ocrx_word' id='word_1_97' title='bbox 1439 1359 1501 1406; x_wconf 88' lang='lat' dir='ltr'><strong>illud</strong></span> <span class='ocrx_word' id='word_1_98' title='bbox 1513 1359 1543 1406; x_wconf 93' lang='lat' dir='ltr'><strong>de</strong></span> 
     </span>
     <span class='ocr_line' id='line_1_9' title="bbox 337 1438 1543 1502; baseline -0.002 -12"><span class='ocrx_word' id='word_1_99' title='bbox 337 1457 374 1490; x_wconf 89' lang='lat' dir='ltr'><strong>eo.</strong></span> <span class='ocrx_word' id='word_1_100' title='bbox 409 1441 560 1502; x_wconf 75' lang='lat' dir='ltr'><strong>Wepenteke</strong></span> <span class='ocrx_word' id='word_1_101' title='bbox 576 1441 607 1487; x_wconf 92' lang='lat' dir='ltr'><strong>de</strong></span> <span class='ocrx_word' id='word_1_102' title='bbox 624 1440 734 1487; x_wconf 65' lang='lat' dir='ltr'><strong>[eureos.</strong></span> <span class='ocrx_word' id='word_1_103' title='bbox 762 1439 898 1497; x_wconf 83' lang='lat' dir='ltr'><strong>Fiskerton,</strong></span> <span class='ocrx_word' id='word_1_104' title='bbox 911 1440 985 1486; x_wconf 72' lang='lat' dir='ltr'><strong>abbas</strong></span> <span class='ocrx_word' id='word_1_105' title='bbox 1004 1438 1035 1486; x_wconf 93' lang='lat' dir='ltr'><strong>de</strong></span> <span class='ocrx_word' id='word_1_106' title='bbox 1056 1439 1139 1500; x_wconf 87' lang='lat' dir='ltr'><strong>Burgo</strong></span> <span class='ocrx_word' id='word_1_107' title='bbox 1158 1443 1225 1486; x_wconf 79' lang='lat' dir='ltr'><strong>tenet</strong></span> <span class='ocrx_word' id='word_1_108' title='bbox 1243 1454 1323 1487; x_wconf 83' lang='lat' dir='ltr'><strong>eeoem</strong></span> <span class='ocrx_word' id='word_1_109' title='bbox 1342 1440 1368 1486; x_wconf 83' lang='lat' dir='ltr'><strong>in</strong></span> <span class='ocrx_word' id='word_1_110' title='bbox 1386 1441 1493 1488; x_wconf 87' lang='lat' dir='ltr'><strong>dominio</strong></span> <span class='ocrx_word' id='word_1_111' title='bbox 1512 1442 1543 1488; x_wconf 92' lang='lat' dir='ltr'><strong>de</strong></span> 
     </span>
     <span class='ocr_line' id='line_1_10' title="bbox 338 1519 1544 1586; baseline -0.003 -14"><span class='ocrx_word' id='word_1_112' title='bbox 338 1525 436 1572; x_wconf 90' lang='lat' dir='ltr'><strong>domino</strong></span> <span class='ocrx_word' id='word_1_113' title='bbox 453 1525 513 1586; x_wconf 87' lang='lat' dir='ltr'><strong>Regi</strong></span> <span class='ocrx_word' id='word_1_114' title='bbox 530 1525 561 1570; x_wconf 92' lang='lat' dir='ltr'><strong>de</strong></span> <span class='ocrx_word' id='word_1_115' title='bbox 576 1524 649 1570; x_wconf 77' lang='lat' dir='ltr'><strong>veteri</strong></span> <span class='ocrx_word' id='word_1_116' title='bbox 666 1523 826 1570; x_wconf 82' lang='lat' dir='ltr'><strong>ieoiismento.</strong></span> <span class='ocrx_word' id='word_1_117' title='bbox 861 1521 947 1568; x_wconf 86' lang='lat' dir='ltr'><strong>Under</strong></span> <span class='ocrx_word' id='word_1_118' title='bbox 965 1523 1006 1569; x_wconf 77' lang='lat' dir='ltr'><strong>ibe</strong></span> <span class='ocrx_word' id='word_1_119' title='bbox 1018 1522 1079 1569; x_wconf 72' lang='lat' dir='ltr'><strong>luber</strong></span> <span class='ocrx_word' id='word_1_120' title='bbox 1092 1522 1253 1582; x_wconf 68' lang='lat' dir='ltr'><strong>inquisition,</strong></span> <span class='ocrx_word' id='word_1_121' title='bbox 1269 1519 1342 1567; x_wconf 82' lang='lat' dir='ltr'><strong>tsken</strong></span> <span class='ocrx_word' id='word_1_122' title='bbox 1359 1527 1477 1581; x_wconf 77' lang='lat' dir='ltr'><strong>pursneni</strong></span> <span class='ocrx_word' id='word_1_123' title='bbox 1492 1526 1518 1568; x_wconf 85' lang='lat' dir='ltr'><strong>to</strong></span> <span class='ocrx_word' id='word_1_124' title='bbox 1528 1535 1544 1567; x_wconf 84' lang='lat' dir='ltr'><strong>e</strong></span> 
     </span>
     <span class='ocr_line' id='line_1_11' title="bbox 339 1600 1544 1662; baseline -0.004 -8"><span class='ocrx_word' id='word_1_125' title='bbox 339 1609 393 1654; x_wconf 78' lang='lat' dir='ltr'><strong>writ</strong></span> <span class='ocrx_word' id='word_1_126' title='bbox 411 1606 488 1653; x_wconf 81' lang='lat' dir='ltr'><strong>tested</strong></span> <span class='ocrx_word' id='word_1_127' title='bbox 499 1611 525 1653; x_wconf 80' lang='lat' dir='ltr'><strong>st</strong></span> <span class='ocrx_word' id='word_1_128' title='bbox 541 1604 710 1652; x_wconf 73' lang='lat' dir='ltr'><strong>westminster</strong></span> <span class='ocrx_word' id='word_1_129' title='bbox 726 1603 741 1650; x_wconf 88' lang='grc'>9</span> <span class='ocrx_word' id='word_1_130' title='bbox 760 1604 902 1661; x_wconf 77' lang='lat' dir='ltr'><strong>December,</strong></span> <span class='ocrx_word' id='word_1_131' title='bbox 915 1600 947 1652; x_wconf 77' lang='lat'><strong>27</strong></span> <span class='ocrx_word' id='word_1_132' title='bbox 959 1603 1026 1651; x_wconf 87' lang='lat' dir='ltr'><strong>Heu.</strong></span> <span class='ocrx_word' id='word_1_133' title='bbox 1042 1602 1092 1652; x_wconf 89' lang='lat'><em>111.</em></span> <span class='ocrx_word' id='word_1_134' title='bbox 1105 1601 1217 1662; x_wconf 59' lang='lat' dir='ltr'><strong>mein</strong></span> <span class='ocrx_word' id='word_1_135' title='bbox 1232 1602 1274 1650; x_wconf 79' lang='lat' dir='ltr'><strong>the</strong></span> <span class='ocrx_word' id='word_1_136' title='bbox 1290 1601 1379 1649; x_wconf 71' lang='lat' dir='ltr'><strong>several</strong></span> <span class='ocrx_word' id='word_1_137' title='bbox 1391 1601 1544 1662; x_wconf 78' lang='lat' dir='ltr'><strong>wopeniekes</strong></span> 
     </span>
     <span class='ocr_line' id='line_1_12' title="bbox 338 1683 1543 1746; baseline -0.005 -10"><span class='ocrx_word' id='word_1_138' title='bbox 338 1689 366 1736; x_wconf 81' lang='lat' dir='ltr'><strong>oi</strong></span> <span class='ocrx_word' id='word_1_139' title='bbox 385 1687 501 1746; x_wconf 86' lang='lat' dir='ltr'><strong>Heilund,</strong></span> <span class='ocrx_word' id='word_1_140' title='bbox 528 1688 656 1744; x_wconf 80' lang='lat' dir='ltr'><strong>Kesteven,</strong></span> <span class='ocrx_word' id='word_1_141' title='bbox 677 1687 726 1733; x_wconf 82' lang='lat' dir='ltr'><strong>eud</strong></span> <span class='ocrx_word' id='word_1_142' title='bbox 749 1686 861 1746; x_wconf 78' lang='lat' dir='ltr'><strong>Lindeey,</strong></span> <span class='ocrx_word' id='word_1_143' title='bbox 888 1685 955 1732; x_wconf 78' lang='lat' dir='ltr'><strong>these</strong></span> <span class='ocrx_word' id='word_1_144' title='bbox 976 1685 1064 1733; x_wconf 79' lang='lat' dir='ltr'><strong>entriee</strong></span> <span class='ocrx_word' id='word_1_145' title='bbox 1086 1699 1160 1732; x_wconf 88' lang='lat' dir='ltr'><strong>oeour</strong></span> <span class='ocrx_word' id='word_1_146' title='bbox 1180 1699 1207 1732; x_wconf 84' lang='lat' dir='ltr'><strong>es</strong></span> <span class='ocrx_word' id='word_1_147' title='bbox 1228 1691 1254 1732; x_wconf 82' lang='lat' dir='ltr'><strong>to</strong></span> <span class='ocrx_word' id='word_1_148' title='bbox 1274 1685 1316 1731; x_wconf 83' lang='lat' dir='ltr'><strong>the</strong></span> <span class='ocrx_word' id='word_1_149' title='bbox 1337 1689 1434 1730; x_wconf 83' lang='lat' dir='ltr'><strong>tennree</strong></span> <span class='ocrx_word' id='word_1_150' title='bbox 1456 1683 1483 1730; x_wconf 86' lang='lat' dir='ltr'><strong>oi</strong></span> <span class='ocrx_word' id='word_1_151' title='bbox 1502 1684 1543 1731; x_wconf 80' lang='lat' dir='ltr'><strong>the</strong></span> 
     </span>
     <span class='ocr_line' id='line_1_13' title="bbox 338 1761 1544 1828; baseline -0.005 -13"><span class='ocrx_word' id='word_1_152' title='bbox 338 1767 658 1828; x_wconf 76' lang='lat' dir='ltr'><strong>AbboisoiPeterborougb.</strong></span> <span class='ocrx_word' id='word_1_153' title='bbox 687 1765 718 1813; x_wconf 85' lang='lat' dir='ltr'><strong>ln</strong></span> <span class='ocrx_word' id='word_1_154' title='bbox 729 1765 771 1813; x_wconf 78' lang='lat' dir='ltr'><strong>ibe</strong></span> <span class='ocrx_word' id='word_1_155' title='bbox 779 1765 1055 1826; x_wconf 77' lang='lat' dir='ltr'><strong>wopeniekeoiKirton,</strong></span> <span class='ocrx_word' id='word_1_156' title='bbox 1065 1764 1182 1822; x_wconf 80' lang='lat' dir='ltr'><strong>Houmd,</strong></span> <span class='ocrx_word' id='word_1_157' title='bbox 1192 1763 1378 1825; x_wconf 80' lang='lat' dir='ltr'><strong>Quedbsvering</strong></span> <span class='ocrx_word' id='word_1_158' title='bbox 1385 1761 1544 1826; x_wconf 80' lang='lat' dir='ltr'><strong>(Qusdriug),</strong></span> 
     </span>
     <span class='ocr_line' id='line_1_14' title="bbox 339 1847 1542 1910; baseline -0.005 -12"><span class='ocrx_word' id='word_1_159' title='bbox 339 1856 363 1898; x_wconf 79' lang='lat' dir='ltr'><strong>et</strong></span> <span class='ocrx_word' id='word_1_160' title='bbox 374 1850 515 1910; x_wconf 81' lang='lat' dir='ltr'><strong>Dodington</strong></span> <span class='ocrx_word' id='word_1_161' title='bbox 528 1847 705 1910; x_wconf 85' lang='lat' dir='ltr'><strong>(Donington),</strong></span> <span class='ocrx_word' id='word_1_162' title='bbox 716 1848 798 1894; x_wconf 79' lang='lat' dir='ltr'><strong>Abbes</strong></span> <span class='ocrx_word' id='word_1_163' title='bbox 814 1847 845 1894; x_wconf 90' lang='lat' dir='ltr'><strong>de</strong></span> <span class='ocrx_word' id='word_1_164' title='bbox 862 1847 944 1908; x_wconf 88' lang='lat' dir='ltr'><strong>Burgo</strong></span> <span class='ocrx_word' id='word_1_165' title='bbox 960 1848 1033 1896; x_wconf 73' lang='lat' dir='ltr'><strong>hebet</strong></span> <span class='ocrx_word' id='word_1_166' title='bbox 1046 1848 1072 1894; x_wconf 91' lang='lat' dir='ltr'><strong>in</strong></span> <span class='ocrx_word' id='word_1_167' title='bbox 1092 1847 1181 1894; x_wconf 85' lang='lat' dir='ltr'><strong>eiedem</strong></span> <span class='ocrx_word' id='word_1_168' title='bbox 1192 1847 1255 1894; x_wconf 81' lang='lat' dir='ltr'><strong>viliis</strong></span> <span class='ocrx_word' id='word_1_169' title='bbox 1276 1847 1320 1895; x_wconf 92' lang='lat' dir='ltr'><strong>.iii.</strong></span> <span class='ocrx_word' id='word_1_170' title='bbox 1332 1851 1455 1893; x_wconf 69' lang='lat' dir='ltr'><strong>nemmem</strong></span> <span class='ocrx_word' id='word_1_171' title='bbox 1471 1852 1542 1904; x_wconf 84' lang='lat' dir='ltr'><strong>terre,</strong></span> 
     </span>
     <span class='ocr_line' id='line_1_15' title="bbox 339 1924 1544 1990; baseline -0.003 -13"><span class='ocrx_word' id='word_1_172' title='bbox 339 1932 405 1978; x_wconf 78' lang='lat' dir='ltr'><strong>etin</strong></span> <span class='ocrx_word' id='word_1_173' title='bbox 422 1927 571 1976; x_wconf 82' lang='lat' dir='ltr'><strong>Goeberidrk</strong></span> <span class='ocrx_word' id='word_1_174' title='bbox 590 1924 746 1989; x_wconf 76' lang='lat' dir='ltr'><strong>(Goeberton)</strong></span> <span class='ocrx_word' id='word_1_175' title='bbox 760 1927 785 1973; x_wconf 89' lang='lat' dir='ltr'><strong>in</strong></span> <span class='ocrx_word' id='word_1_176' title='bbox 801 1927 955 1974; x_wconf 75' lang='lat' dir='ltr'><strong>elemosinam</strong></span> <span class='ocrx_word' id='word_1_177' title='bbox 971 1927 1002 1974; x_wconf 88' lang='lat' dir='ltr'><strong>de</strong></span> <span class='ocrx_word' id='word_1_178' title='bbox 1020 1928 1084 1974; x_wconf 92' lang='lat' dir='ltr'><strong>dono</strong></span> <span class='ocrx_word' id='word_1_179' title='bbox 1101 1927 1201 1974; x_wconf 73' lang='lat' dir='ltr'><strong>comitis</strong></span> <span class='ocrx_word' id='word_1_180' title='bbox 1213 1925 1420 1990; x_wconf 87' lang='lat' dir='ltr'><strong>(Riebemondie).</strong></span> <span class='ocrx_word' id='word_1_181' title='bbox 1454 1925 1484 1972; x_wconf 86' lang='lat' dir='ltr'><strong>Iu</strong></span> <span class='ocrx_word' id='word_1_182' title='bbox 1503 1927 1544 1973; x_wconf 82' lang='lat' dir='ltr'><strong>the</strong></span> 
     </span>
     <span class='ocr_line' id='line_1_16' title="bbox 339 2005 1545 2071; baseline -0.003 -13"><span class='ocrx_word' id='word_1_183' title='bbox 339 2009 480 2071; x_wconf 74' lang='lat' dir='ltr'><strong>wepenmke</strong></span> <span class='ocrx_word' id='word_1_184' title='bbox 490 2008 517 2054; x_wconf 85' lang='lat' dir='ltr'><strong>oi</strong></span> <span class='ocrx_word' id='word_1_185' title='bbox 527 2007 648 2054; x_wconf 78' lang='lat' dir='ltr'><strong>Reliieloe.</strong></span> <span class='ocrx_word' id='word_1_186' title='bbox 675 2007 803 2054; x_wconf 81' lang='lat' dir='ltr'><strong>Keeteven.</strong></span> <span class='ocrx_word' id='word_1_187' title='bbox 827 2006 982 2068; x_wconf 76' lang='lat' dir='ltr'><strong>Ossegotteby</strong></span> <span class='ocrx_word' id='word_1_188' title='bbox 991 2006 1154 2070; x_wconf 76' lang='lat' dir='ltr'><strong>(Ingoldsby).</strong></span> <span class='ocrx_word' id='word_1_189' title='bbox 1178 2006 1302 2054; x_wconf 69' lang='lat' dir='ltr'><strong>(deliridus</strong></span> <span class='ocrx_word' id='word_1_190' title='bbox 1313 2005 1344 2052; x_wconf 92' lang='lat' dir='ltr'><strong>de</strong></span> <span class='ocrx_word' id='word_1_191' title='bbox 1358 2005 1468 2067; x_wconf 82' lang='lat' dir='ltr'><strong>Seymnri</strong></span> <span class='ocrx_word' id='word_1_192' title='bbox 1478 2013 1545 2054; x_wconf 80' lang='lat' dir='ltr'><strong>tenet</strong></span> 
     </span>
     <span class='ocr_line' id='line_1_17' title="bbox 340 2089 1545 2152; baseline -0.002 -13"><span class='ocrx_word' id='word_1_193' title='bbox 340 2093 365 2139; x_wconf 93' lang='lat' dir='ltr'><strong>in</strong></span> <span class='ocrx_word' id='word_1_194' title='bbox 383 2091 538 2152; x_wconf 79' lang='lat' dir='ltr'><strong>Ossegotieby</strong></span> <span class='ocrx_word' id='word_1_195' title='bbox 557 2089 587 2136; x_wconf 94' lang='lat' dir='ltr'><strong>de</strong></span> <span class='ocrx_word' id='word_1_196' title='bbox 598 2089 668 2136; x_wconf 74' lang='lat' dir='ltr'><strong>feodo</strong></span> <span class='ocrx_word' id='word_1_197' title='bbox 681 2090 773 2135; x_wconf 74' lang='lat' dir='ltr'><strong>obbatis</strong></span> <span class='ocrx_word' id='word_1_198' title='bbox 790 2089 820 2136; x_wconf 90' lang='lat' dir='ltr'><strong>de</strong></span> <span class='ocrx_word' id='word_1_199' title='bbox 832 2090 915 2151; x_wconf 85' lang='lat' dir='ltr'><strong>Burgo</strong></span> <span class='ocrx_word' id='word_1_200' title='bbox 931 2089 980 2137; x_wconf 91' lang='lat' dir='ltr'><strong>duo</strong></span> <span class='ocrx_word' id='word_1_201' title='bbox 999 2090 1070 2136; x_wconf 79' lang='lat' dir='ltr'><strong>ieods</strong></span> <span class='ocrx_word' id='word_1_202' title='bbox 1086 2090 1191 2138; x_wconf 89' lang='lat' dir='ltr'><strong>militum</strong></span> <span class='ocrx_word' id='word_1_203' title='bbox 1207 2105 1257 2138; x_wconf 88' lang='lat' dir='ltr'><strong>uno</strong></span> <span class='ocrx_word' id='word_1_204' title='bbox 1276 2091 1397 2151; x_wconf 82' lang='lat' dir='ltr'><strong>qnerberio</strong></span> <span class='ocrx_word' id='word_1_205' title='bbox 1415 2091 1496 2138; x_wconf 83' lang='lat' dir='ltr'><strong>minue</strong></span> <span class='ocrx_word' id='word_1_206' title='bbox 1514 2090 1545 2136; x_wconf 91' lang='lat' dir='ltr'><strong>de</strong></span> 
     </span>
     <span class='ocr_line' id='line_1_18' title="bbox 339 2169 1545 2235; baseline -0.002 -15"><span class='ocrx_word' id='word_1_207' title='bbox 339 2179 481 2234; x_wconf 80' lang='lat' dir='ltr'><strong>oonquestu,</strong></span> <span class='ocrx_word' id='word_1_208' title='bbox 503 2177 527 2218; x_wconf 81' lang='lat' dir='ltr'><strong>ei</strong></span> <span class='ocrx_word' id='word_1_209' title='bbox 546 2171 610 2217; x_wconf 90' lang='lat' dir='ltr'><strong>idem</strong></span> <span class='ocrx_word' id='word_1_210' title='bbox 628 2171 701 2217; x_wconf 80' lang='lat' dir='ltr'><strong>ebbes</strong></span> <span class='ocrx_word' id='word_1_211' title='bbox 718 2171 749 2216; x_wconf 92' lang='lat' dir='ltr'><strong>de</strong></span> <span class='ocrx_word' id='word_1_212' title='bbox 769 2170 867 2218; x_wconf 93' lang='lat' dir='ltr'><strong>domino</strong></span> <span class='ocrx_word' id='word_1_213' title='bbox 887 2171 953 2233; x_wconf 70' lang='lat' dir='ltr'><strong>Rege</strong></span> <span class='ocrx_word' id='word_1_214' title='bbox 972 2173 998 2218; x_wconf 93' lang='lat' dir='ltr'><strong>in</strong></span> <span class='ocrx_word' id='word_1_215' title='bbox 1017 2173 1103 2233; x_wconf 76' lang='lat' dir='ltr'><strong>eapite.</strong></span> <span class='ocrx_word' id='word_1_216' title='bbox 1137 2171 1271 2220; x_wconf 80' lang='lat' dir='ltr'><strong>Sanestede</strong></span> <span class='ocrx_word' id='word_1_217' title='bbox 1283 2169 1464 2235; x_wconf 80' lang='lat' dir='ltr'><strong>(Swinesteed).</strong></span> <span class='ocrx_word' id='word_1_218' title='bbox 1482 2173 1545 2219; x_wconf 84' lang='lat' dir='ltr'><strong>Item</strong></span> 
     </span>
     <span class='ocr_line' id='line_1_19' title="bbox 339 2251 1546 2314; baseline 0 -14"><span class='ocrx_word' id='word_1_219' title='bbox 339 2253 442 2300; x_wconf 71' lang='lat' dir='ltr'><strong>Thomas</strong></span> <span class='ocrx_word' id='word_1_220' title='bbox 452 2253 483 2300; x_wconf 86' lang='lat' dir='ltr'><strong>de</strong></span> <span class='ocrx_word' id='word_1_221' title='bbox 494 2251 640 2299; x_wconf 74' lang='lat' dir='ltr'><strong>Siendeiord</strong></span> <span class='ocrx_word' id='word_1_222' title='bbox 648 2257 715 2298; x_wconf 79' lang='lat' dir='ltr'><strong>tenet</strong></span> <span class='ocrx_word' id='word_1_223' title='bbox 725 2252 751 2298; x_wconf 92' lang='lat' dir='ltr'><strong>in</strong></span> <span class='ocrx_word' id='word_1_224' title='bbox 762 2251 895 2299; x_wconf 79' lang='lat' dir='ltr'><strong>Sunestede</strong></span> <span class='ocrx_word' id='word_1_225' title='bbox 906 2253 957 2300; x_wconf 70' lang='lat' dir='ltr'><strong>⁸xii.</strong></span> <span class='ocrx_word' id='word_1_226' title='bbox 969 2259 1062 2312; x_wconf 70' lang='lat' dir='ltr'><strong>portem</strong></span> <span class='ocrx_word' id='word_1_227' title='bbox 1072 2253 1146 2299; x_wconf 87' lang='lat' dir='ltr'><strong>unius</strong></span> <span class='ocrx_word' id='word_1_228' title='bbox 1158 2252 1241 2299; x_wconf 81' lang='lat' dir='ltr'><strong>militis</strong></span> <span class='ocrx_word' id='word_1_229' title='bbox 1252 2252 1283 2299; x_wconf 88' lang='lat' dir='ltr'><strong>de</strong></span> <span class='ocrx_word' id='word_1_230' title='bbox 1293 2252 1422 2300; x_wconf 79' lang='lat' dir='ltr'><strong>heredibus</strong></span> <span class='ocrx_word' id='word_1_231' title='bbox 1434 2252 1546 2314; x_wconf 83' lang='lat' dir='ltr'><strong>Hugonis</strong></span> 
     </span>
     <span class='ocr_line' id='line_1_20' title="bbox 341 2334 1545 2396; baseline 0.001 -13"><span class='ocrx_word' id='word_1_232' title='bbox 341 2336 427 2393; x_wconf 76' lang='lat' dir='ltr'><strong>Weke,</strong></span> <span class='ocrx_word' id='word_1_233' title='bbox 445 2341 469 2382; x_wconf 81' lang='lat' dir='ltr'><strong>et</strong></span> <span class='ocrx_word' id='word_1_234' title='bbox 483 2335 529 2396; x_wconf 85' lang='lat' dir='ltr'><strong>ipsi</strong></span> <span class='ocrx_word' id='word_1_235' title='bbox 546 2336 577 2381; x_wconf 93' lang='lat' dir='ltr'><strong>de</strong></span> <span class='ocrx_word' id='word_1_236' title='bbox 594 2335 680 2381; x_wconf 78' lang='lat' dir='ltr'><strong>abbeie</strong></span> <span class='ocrx_word' id='word_1_237' title='bbox 696 2335 727 2380; x_wconf 90' lang='lat' dir='ltr'><strong>de</strong></span> <span class='ocrx_word' id='word_1_238' title='bbox 742 2335 833 2395; x_wconf 86' lang='lat' dir='ltr'><strong>Burgo,</strong></span> <span class='ocrx_word' id='word_1_239' title='bbox 848 2339 873 2381; x_wconf 75' lang='lat' dir='ltr'><strong>et</strong></span> <span class='ocrx_word' id='word_1_240' title='bbox 888 2335 961 2380; x_wconf 77' lang='lat' dir='ltr'><strong>ebbus</strong></span> <span class='ocrx_word' id='word_1_241' title='bbox 977 2334 1008 2380; x_wconf 93' lang='lat' dir='ltr'><strong>de</strong></span> <span class='ocrx_word' id='word_1_242' title='bbox 1022 2334 1120 2380; x_wconf 89' lang='lat' dir='ltr'><strong>domino</strong></span> <span class='ocrx_word' id='word_1_243' title='bbox 1138 2334 1204 2395; x_wconf 91' lang='lat' dir='ltr'><strong>Rege</strong></span> <span class='ocrx_word' id='word_1_244' title='bbox 1219 2335 1244 2379; x_wconf 92' lang='lat' dir='ltr'><strong>in</strong></span> <span class='ocrx_word' id='word_1_245' title='bbox 1263 2335 1341 2393; x_wconf 79' lang='lat' dir='ltr'><strong>oepite</strong></span> <span class='ocrx_word' id='word_1_246' title='bbox 1358 2335 1389 2380; x_wconf 92' lang='lat' dir='ltr'><strong>de</strong></span> <span class='ocrx_word' id='word_1_247' title='bbox 1405 2341 1545 2394; x_wconf 76' lang='lat' dir='ltr'><strong>conquestu.</strong></span> 
     </span>
     <span class='ocr_line' id='line_1_21' title="bbox 342 2412 1547 2476; baseline 0.002 -16"><span class='ocrx_word' id='word_1_248' title='bbox 342 2415 445 2476; x_wconf 79' lang='lat' dir='ltr'><strong>Wyhsm</strong></span> <span class='ocrx_word' id='word_1_249' title='bbox 457 2413 600 2475; x_wconf 78' lang='lat' dir='ltr'><strong>(Wiibem).</strong></span> <span class='ocrx_word' id='word_1_250' title='bbox 630 2413 785 2460; x_wconf 77' lang='lat' dir='ltr'><strong>Beldewinus</strong></span> <span class='ocrx_word' id='word_1_251' title='bbox 795 2415 826 2460; x_wconf 93' lang='lat' dir='ltr'><strong>de</strong></span> <span class='ocrx_word' id='word_1_252' title='bbox 844 2413 963 2460; x_wconf 84' lang='lat' dir='ltr'><strong>Brenourt</strong></span> <span class='ocrx_word' id='word_1_253' title='bbox 973 2418 1040 2460; x_wconf 76' lang='lat' dir='ltr'><strong>benet</strong></span> <span class='ocrx_word' id='word_1_254' title='bbox 1055 2413 1081 2458; x_wconf 92' lang='lat' dir='ltr'><strong>in</strong></span> <span class='ocrx_word' id='word_1_255' title='bbox 1094 2412 1197 2473; x_wconf 78' lang='lat' dir='ltr'><strong>Wybsm</strong></span> <span class='ocrx_word' id='word_1_256' title='bbox 1208 2413 1261 2460; x_wconf 89' lang='lat' dir='ltr'><strong>.iiii.</strong></span> <span class='ocrx_word' id='word_1_257' title='bbox 1273 2418 1366 2473; x_wconf 68' lang='lat' dir='ltr'><strong>purtem</strong></span> <span class='ocrx_word' id='word_1_258' title='bbox 1377 2415 1449 2460; x_wconf 88' lang='lat' dir='ltr'><strong>unius</strong></span> <span class='ocrx_word' id='word_1_259' title='bbox 1463 2414 1547 2463; x_wconf 79' lang='lat' dir='ltr'><strong>militis</strong></span> 
     </span>
     <span class='ocr_line' id='line_1_22' title="bbox 341 2493 1546 2558; baseline 0 -14"><span class='ocrx_word' id='word_1_260' title='bbox 341 2497 372 2545; x_wconf 93' lang='lat' dir='ltr'><strong>de</strong></span> <span class='ocrx_word' id='word_1_261' title='bbox 381 2498 511 2544; x_wconf 83' lang='lat' dir='ltr'><strong>beredibue</strong></span> <span class='ocrx_word' id='word_1_262' title='bbox 522 2496 553 2543; x_wconf 93' lang='lat' dir='ltr'><strong>de</strong></span> <span class='ocrx_word' id='word_1_263' title='bbox 571 2495 684 2558; x_wconf 82' lang='lat' dir='ltr'><strong>lingonis</strong></span> <span class='ocrx_word' id='word_1_264' title='bbox 701 2495 774 2553; x_wconf 80' lang='lat' dir='ltr'><strong>Weir,</strong></span> <span class='ocrx_word' id='word_1_265' title='bbox 786 2501 810 2543; x_wconf 80' lang='lat' dir='ltr'><strong>et</strong></span> <span class='ocrx_word' id='word_1_266' title='bbox 820 2495 866 2556; x_wconf 83' lang='lat' dir='ltr'><strong>ipsi</strong></span> <span class='ocrx_word' id='word_1_267' title='bbox 877 2496 975 2542; x_wconf 87' lang='lat' dir='ltr'><strong>heredes</strong></span> <span class='ocrx_word' id='word_1_268' title='bbox 986 2493 1017 2541; x_wconf 92' lang='lat' dir='ltr'><strong>de</strong></span> <span class='ocrx_word' id='word_1_269' title='bbox 1030 2495 1117 2541; x_wconf 77' lang='lat' dir='ltr'><strong>abbate</strong></span> <span class='ocrx_word' id='word_1_270' title='bbox 1128 2494 1159 2541; x_wconf 92' lang='lat' dir='ltr'><strong>de</strong></span> <span class='ocrx_word' id='word_1_271' title='bbox 1179 2495 1261 2556; x_wconf 89' lang='lat' dir='ltr'><strong>Bnrgo</strong></span> <span class='ocrx_word' id='word_1_272' title='bbox 1273 2499 1297 2540; x_wconf 76' lang='lat' dir='ltr'><strong>et</strong></span> <span class='ocrx_word' id='word_1_273' title='bbox 1312 2495 1386 2542; x_wconf 81' lang='lat' dir='ltr'><strong>ebbes</strong></span> <span class='ocrx_word' id='word_1_274' title='bbox 1402 2496 1433 2543; x_wconf 92' lang='lat' dir='ltr'><strong>de</strong></span> <span class='ocrx_word' id='word_1_275' title='bbox 1448 2496 1546 2544; x_wconf 90' lang='lat' dir='ltr'><strong>domino</strong></span> 
     </span>
     <span class='ocr_line' id='line_1_23' title="bbox 342 2577 1546 2643; baseline 0 -16"><span class='ocrx_word' id='word_1_276' title='bbox 342 2581 407 2642; x_wconf 87' lang='lat' dir='ltr'><strong>Rege</strong></span> <span class='ocrx_word' id='word_1_277' title='bbox 417 2580 447 2626; x_wconf 93' lang='lat' dir='ltr'><strong>de</strong></span> <span class='ocrx_word' id='word_1_278' title='bbox 458 2585 602 2643; x_wconf 82' lang='lat' dir='ltr'><strong>oonqueetu.</strong></span> <span class='ocrx_word' id='word_1_279' title='bbox 636 2579 699 2627; x_wconf 74' lang='lat' dir='ltr'><strong>Ibem</strong></span> <span class='ocrx_word' id='word_1_280' title='bbox 711 2579 790 2625; x_wconf 71' lang='lat' dir='ltr'><strong>David</strong></span> <span class='ocrx_word' id='word_1_281' title='bbox 802 2579 833 2626; x_wconf 89' lang='lat' dir='ltr'><strong>de</strong></span> <span class='ocrx_word' id='word_1_282' title='bbox 845 2577 948 2639; x_wconf 71' lang='lat' dir='ltr'><strong>Wybnm</strong></span> <span class='ocrx_word' id='word_1_283' title='bbox 959 2582 1025 2626; x_wconf 76' lang='lat' dir='ltr'><strong>tenet</strong></span> <span class='ocrx_word' id='word_1_284' title='bbox 1036 2577 1126 2624; x_wconf 83' lang='lat' dir='ltr'><strong>ibidem</strong></span> <span class='ocrx_word' id='word_1_285' title='bbox 1136 2583 1229 2624; x_wconf 72' lang='lat' dir='ltr'><strong>sextam</strong></span> <span class='ocrx_word' id='word_1_286' title='bbox 1239 2582 1332 2638; x_wconf 78' lang='lat' dir='ltr'><strong>pentem</strong></span> <span class='ocrx_word' id='word_1_287' title='bbox 1341 2578 1413 2626; x_wconf 86' lang='lat' dir='ltr'><strong>unius</strong></span> <span class='ocrx_word' id='word_1_288' title='bbox 1424 2579 1507 2626; x_wconf 75' lang='lat' dir='ltr'><strong>militis</strong></span> <span class='ocrx_word' id='word_1_289' title='bbox 1515 2581 1546 2628; x_wconf 90' lang='lat' dir='ltr'><strong>de</strong></span> 
     </span>
     <span class='ocr_line' id='line_1_24' title="bbox 341 2658 1545 2723; baseline 0 -13"><span class='ocrx_word' id='word_1_290' title='bbox 341 2662 452 2710; x_wconf 76' lang='lat' dir='ltr'><strong>Gelirido</strong></span> <span class='ocrx_word' id='word_1_291' title='bbox 463 2663 493 2708; x_wconf 90' lang='lat' dir='ltr'><strong>de</strong></span> <span class='ocrx_word' id='word_1_292' title='bbox 506 2662 597 2721; x_wconf 84' lang='lat' dir='ltr'><strong>Brune,</strong></span> <span class='ocrx_word' id='word_1_293' title='bbox 608 2669 633 2710; x_wconf 79' lang='lat' dir='ltr'><strong>et</strong></span> <span class='ocrx_word' id='word_1_294' title='bbox 644 2663 708 2709; x_wconf 87' lang='lat' dir='ltr'><strong>idem</strong></span> <span class='ocrx_word' id='word_1_295' title='bbox 720 2661 753 2710; x_wconf 79' lang='lat' dir='ltr'><strong>G.</strong></span> <span class='ocrx_word' id='word_1_296' title='bbox 763 2662 794 2708; x_wconf 92' lang='lat' dir='ltr'><strong>de</strong></span> <span class='ocrx_word' id='word_1_297' title='bbox 804 2662 891 2710; x_wconf 73' lang='lat' dir='ltr'><strong>abbeie</strong></span> <span class='ocrx_word' id='word_1_298' title='bbox 902 2660 933 2707; x_wconf 94' lang='lat' dir='ltr'><strong>de</strong></span> <span class='ocrx_word' id='word_1_299' title='bbox 941 2658 1033 2722; x_wconf 82' lang='lat' dir='ltr'><strong>Burgo,</strong></span> <span class='ocrx_word' id='word_1_300' title='bbox 1041 2660 1136 2708; x_wconf 78' lang='lat' dir='ltr'><strong>ebidem</strong></span> <span class='ocrx_word' id='word_1_301' title='bbox 1144 2660 1218 2707; x_wconf 78' lang='lat' dir='ltr'><strong>ebbes</strong></span> <span class='ocrx_word' id='word_1_302' title='bbox 1224 2661 1255 2707; x_wconf 94' lang='lat' dir='ltr'><strong>de</strong></span> <span class='ocrx_word' id='word_1_303' title='bbox 1265 2660 1295 2708; x_wconf 88' lang='lat' dir='ltr'><strong>B.</strong></span> <span class='ocrx_word' id='word_1_304' title='bbox 1305 2667 1333 2708; x_wconf 84' lang='lat' dir='ltr'><strong>ut</strong></span> <span class='ocrx_word' id='word_1_305' title='bbox 1340 2674 1421 2722; x_wconf 73' lang='lat' dir='ltr'><strong>supro.</strong></span> <span class='ocrx_word' id='word_1_306' title='bbox 1444 2661 1545 2723; x_wconf 65' lang='lat' dir='ltr'><strong>(dereby.</strong></span> 
     </span>
     <span class='ocr_line' id='line_1_25' title="bbox 341 2741 1547 2807; baseline 0.002 -15"><span class='ocrx_word' id='word_1_307' title='bbox 341 2745 501 2806; x_wconf 77' lang='lat' dir='ltr'><strong>Rennulphns</strong></span> <span class='ocrx_word' id='word_1_308' title='bbox 512 2745 544 2791; x_wconf 89' lang='lat' dir='ltr'><strong>de</strong></span> <span class='ocrx_word' id='word_1_309' title='bbox 559 2745 651 2805; x_wconf 75' lang='lat' dir='ltr'><strong>Gnreby</strong></span> <span class='ocrx_word' id='word_1_310' title='bbox 662 2751 728 2793; x_wconf 75' lang='lat' dir='ltr'><strong>tenet</strong></span> <span class='ocrx_word' id='word_1_311' title='bbox 739 2745 765 2792; x_wconf 90' lang='lat' dir='ltr'><strong>in</strong></span> <span class='ocrx_word' id='word_1_312' title='bbox 777 2745 869 2805; x_wconf 74' lang='lat' dir='ltr'><strong>Cereby</strong></span> <span class='ocrx_word' id='word_1_313' title='bbox 879 2745 929 2791; x_wconf 90' lang='lat' dir='ltr'><strong>duo</strong></span> <span class='ocrx_word' id='word_1_314' title='bbox 939 2743 1010 2791; x_wconf 77' lang='lat' dir='ltr'><strong>feodo</strong></span> <span class='ocrx_word' id='word_1_315' title='bbox 1025 2743 1131 2791; x_wconf 87' lang='lat' dir='ltr'><strong>militum</strong></span> <span class='ocrx_word' id='word_1_316' title='bbox 1148 2744 1179 2791; x_wconf 91' lang='lat' dir='ltr'><strong>de</strong></span> <span class='ocrx_word' id='word_1_317' title='bbox 1195 2743 1284 2792; x_wconf 79' lang='lat' dir='ltr'><strong>herede</strong></span> <span class='ocrx_word' id='word_1_318' title='bbox 1298 2741 1411 2807; x_wconf 84' lang='lat' dir='ltr'><strong>Hugonie</strong></span> <span class='ocrx_word' id='word_1_319' title='bbox 1424 2743 1510 2804; x_wconf 80' lang='lat' dir='ltr'><strong>Wedre,</strong></span> <span class='ocrx_word' id='word_1_320' title='bbox 1522 2751 1547 2794; x_wconf 82' lang='lat' dir='ltr'><strong>et</strong></span> 
     </span>
     <span class='ocr_line' id='line_1_26' title="bbox 340 2825 1546 2888; baseline 0.001 -16"><span class='ocrx_word' id='word_1_321' title='bbox 340 2827 404 2874; x_wconf 91' lang='lat' dir='ltr'><strong>idem</strong></span> <span class='ocrx_word' id='word_1_322' title='bbox 411 2827 479 2873; x_wconf 87' lang='lat' dir='ltr'><strong>beree</strong></span> <span class='ocrx_word' id='word_1_323' title='bbox 487 2827 518 2873; x_wconf 93' lang='lat' dir='ltr'><strong>de</strong></span> <span class='ocrx_word' id='word_1_324' title='bbox 526 2828 612 2874; x_wconf 78' lang='lat' dir='ltr'><strong>ubbete</strong></span> <span class='ocrx_word' id='word_1_325' title='bbox 621 2828 652 2874; x_wconf 89' lang='lat' dir='ltr'><strong>de</strong></span> <span class='ocrx_word' id='word_1_326' title='bbox 661 2829 752 2888; x_wconf 84' lang='lat' dir='ltr'><strong>Bnrgo,</strong></span> <span class='ocrx_word' id='word_1_327' title='bbox 760 2833 784 2874; x_wconf 81' lang='lat' dir='ltr'><strong>ei</strong></span> <span class='ocrx_word' id='word_1_328' title='bbox 792 2828 856 2874; x_wconf 89' lang='lat' dir='ltr'><strong>idem</strong></span> <span class='ocrx_word' id='word_1_329' title='bbox 863 2828 937 2874; x_wconf 84' lang='lat' dir='ltr'><strong>ebbes</strong></span> <span class='ocrx_word' id='word_1_330' title='bbox 943 2828 974 2873; x_wconf 93' lang='lat' dir='ltr'><strong>de</strong></span> <span class='ocrx_word' id='word_1_331' title='bbox 983 2825 1014 2874; x_wconf 86' lang='lat' dir='ltr'><strong>B.</strong></span> <span class='ocrx_word' id='word_1_332' title='bbox 1024 2833 1051 2874; x_wconf 81' lang='lat' dir='ltr'><strong>ut</strong></span> <span class='ocrx_word' id='word_1_333' title='bbox 1058 2842 1139 2888; x_wconf 75' lang='lat' dir='ltr'><strong>supro.</strong></span> <span class='ocrx_word' id='word_1_334' title='bbox 1157 2825 1269 2874; x_wconf 79' lang='lat' dir='ltr'><strong>Oreeton.</strong></span> <span class='ocrx_word' id='word_1_335' title='bbox 1287 2825 1406 2873; x_wconf 79' lang='lat' dir='ltr'><strong>Rimrdue</strong></span> <span class='ocrx_word' id='word_1_336' title='bbox 1413 2828 1443 2873; x_wconf 93' lang='lat' dir='ltr'><strong>de</strong></span> <span class='ocrx_word' id='word_1_337' title='bbox 1450 2827 1546 2874; x_wconf 80' lang='lat' dir='ltr'><strong>Lindon</strong></span> 
     </span>
     <span class='ocr_line' id='line_1_27' title="bbox 341 2905 1549 2968; baseline 0.001 -15"><span class='ocrx_word' id='word_1_338' title='bbox 341 2912 407 2953; x_wconf 74' lang='lat' dir='ltr'><strong>tenet</strong></span> <span class='ocrx_word' id='word_1_339' title='bbox 417 2908 442 2952; x_wconf 92' lang='lat' dir='ltr'><strong>in</strong></span> <span class='ocrx_word' id='word_1_340' title='bbox 454 2907 543 2952; x_wconf 80' lang='lat' dir='ltr'><strong>Oreton</strong></span> <span class='ocrx_word' id='word_1_341' title='bbox 556 2907 592 2954; x_wconf 89' lang='lat' dir='ltr'><strong>.ii.</strong></span> <span class='ocrx_word' id='word_1_342' title='bbox 604 2913 684 2966; x_wconf 84' lang='lat' dir='ltr'><strong>peries</strong></span> <span class='ocrx_word' id='word_1_343' title='bbox 695 2909 769 2954; x_wconf 88' lang='lat' dir='ltr'><strong>unius</strong></span> <span class='ocrx_word' id='word_1_344' title='bbox 779 2909 862 2954; x_wconf 86' lang='lat' dir='ltr'><strong>militis</strong></span> <span class='ocrx_word' id='word_1_345' title='bbox 872 2908 903 2952; x_wconf 94' lang='lat' dir='ltr'><strong>de</strong></span> <span class='ocrx_word' id='word_1_346' title='bbox 915 2907 1022 2953; x_wconf 77' lang='lat' dir='ltr'><strong>Wnlbere</strong></span> <span class='ocrx_word' id='word_1_347' title='bbox 1033 2906 1065 2952; x_wconf 92' lang='lat' dir='ltr'><strong>de</strong></span> <span class='ocrx_word' id='word_1_348' title='bbox 1076 2905 1198 2963; x_wconf 65' lang='lat' dir='ltr'><strong>Colonum,</strong></span> <span class='ocrx_word' id='word_1_349' title='bbox 1210 2913 1235 2952; x_wconf 84' lang='lat' dir='ltr'><strong>et</strong></span> <span class='ocrx_word' id='word_1_350' title='bbox 1244 2905 1285 2952; x_wconf 89' lang='lat' dir='ltr'><strong>W.</strong></span> <span class='ocrx_word' id='word_1_351' title='bbox 1294 2907 1326 2952; x_wconf 89' lang='lat' dir='ltr'><strong>de</strong></span> <span class='ocrx_word' id='word_1_352' title='bbox 1336 2907 1424 2952; x_wconf 87' lang='lat' dir='ltr'><strong>herede</strong></span> <span class='ocrx_word' id='word_1_353' title='bbox 1435 2905 1549 2968; x_wconf 78' lang='lat' dir='ltr'><strong>lingonis</strong></span> 
     </span>
     <span class='ocr_line' id='line_1_28' title="bbox 343 2987 1548 3048; baseline 0.002 -17"><span class='ocrx_word' id='word_1_354' title='bbox 343 2987 429 3043; x_wconf 84' lang='lat' dir='ltr'><strong>Weke,</strong></span> <span class='ocrx_word' id='word_1_355' title='bbox 440 2993 464 3032; x_wconf 76' lang='lat' dir='ltr'><strong>et</strong></span> <span class='ocrx_word' id='word_1_356' title='bbox 475 2987 540 3033; x_wconf 88' lang='lat' dir='ltr'><strong>idem</strong></span> <span class='ocrx_word' id='word_1_357' title='bbox 550 2987 620 3033; x_wconf 88' lang='lat' dir='ltr'><strong>beree</strong></span> <span class='ocrx_word' id='word_1_358' title='bbox 628 2989 658 3033; x_wconf 90' lang='lat' dir='ltr'><strong>de</strong></span> <span class='ocrx_word' id='word_1_359' title='bbox 668 2989 755 3033; x_wconf 79' lang='lat' dir='ltr'><strong>ebbebe</strong></span> <span class='ocrx_word' id='word_1_360' title='bbox 767 2988 797 3034; x_wconf 93' lang='lat' dir='ltr'><strong>de</strong></span> <span class='ocrx_word' id='word_1_361' title='bbox 807 2989 897 3048; x_wconf 87' lang='lat' dir='ltr'><strong>Burgo,</strong></span> <span class='ocrx_word' id='word_1_362' title='bbox 906 2993 930 3033; x_wconf 75' lang='lat' dir='ltr'><strong>et</strong></span> <span class='ocrx_word' id='word_1_363' title='bbox 939 2988 1014 3033; x_wconf 72' lang='lat' dir='ltr'><strong>ebbu</strong></span> <span class='ocrx_word' id='word_1_364' title='bbox 1024 2987 1055 3033; x_wconf 88' lang='lat' dir='ltr'><strong>de</strong></span> <span class='ocrx_word' id='word_1_365' title='bbox 1063 2987 1161 3032; x_wconf 90' lang='lat' dir='ltr'><strong>domino</strong></span> <span class='ocrx_word' id='word_1_366' title='bbox 1170 2987 1236 3047; x_wconf 85' lang='lat' dir='ltr'><strong>Rege</strong></span> <span class='ocrx_word' id='word_1_367' title='bbox 1244 2987 1274 3032; x_wconf 92' lang='lat' dir='ltr'><strong>de</strong></span> <span class='ocrx_word' id='word_1_368' title='bbox 1283 2993 1424 3046; x_wconf 85' lang='lat' dir='ltr'><strong>eonqneetn.</strong></span> <span class='ocrx_word' id='word_1_369' title='bbox 1443 2987 1548 3047; x_wconf 82' lang='lat' dir='ltr'><strong>Wspen-</strong></span> 
     </span>
     <span class='ocr_line' id='line_1_29' title="bbox 342 3063 1547 3129; baseline 0 -15"><span class='ocrx_word' id='word_1_370' title='bbox 342 3067 398 3115; x_wconf 71' lang='lat' dir='ltr'><strong>belse</strong></span> <span class='ocrx_word' id='word_1_371' title='bbox 409 3067 436 3113; x_wconf 81' lang='lat' dir='ltr'><strong>oi</strong></span> <span class='ocrx_word' id='word_1_372' title='bbox 445 3066 513 3114; x_wconf 87' lang='lat' dir='ltr'><strong>Ness.</strong></span> <span class='ocrx_word' id='word_1_373' title='bbox 546 3066 651 3127; x_wconf 76' lang='lat' dir='ltr'><strong>Turieby</strong></span> <span class='ocrx_word' id='word_1_374' title='bbox 660 3063 799 3129; x_wconf 76' lang='lat' dir='ltr'><strong>(Tbnrlby).</strong></span> <span class='ocrx_word' id='word_1_375' title='bbox 822 3067 904 3112; x_wconf 80' lang='lat' dir='ltr'><strong>Abbee</strong></span> <span class='ocrx_word' id='word_1_376' title='bbox 913 3065 943 3113; x_wconf 90' lang='lat' dir='ltr'><strong>de</strong></span> <span class='ocrx_word' id='word_1_377' title='bbox 955 3065 1037 3127; x_wconf 85' lang='lat' dir='ltr'><strong>Burgo</strong></span> <span class='ocrx_word' id='word_1_378' title='bbox 1048 3071 1115 3113; x_wconf 74' lang='lat' dir='ltr'><strong>tenet</strong></span> <span class='ocrx_word' id='word_1_379' title='bbox 1121 3067 1147 3112; x_wconf 90' lang='lat' dir='ltr'><strong>in</strong></span> <span class='ocrx_word' id='word_1_380' title='bbox 1154 3065 1259 3127; x_wconf 75' lang='lat' dir='ltr'><strong>&#39;huleby</strong></span> <span class='ocrx_word' id='word_1_381' title='bbox 1267 3067 1316 3113; x_wconf 88' lang='lat' dir='ltr'><strong>duo</strong></span> <span class='ocrx_word' id='word_1_382' title='bbox 1327 3067 1396 3114; x_wconf 80' lang='lat' dir='ltr'><strong>ieods</strong></span> <span class='ocrx_word' id='word_1_383' title='bbox 1406 3067 1511 3114; x_wconf 84' lang='lat' dir='ltr'><strong>miiitum</strong></span> <span class='ocrx_word' id='word_1_384' title='bbox 1521 3069 1547 3114; x_wconf 90' lang='lat' dir='ltr'><strong>in</strong></span> 
     </span>
     <span class='ocr_line' id='line_1_30' title="bbox 341 3147 1548 3210; baseline -0.002 -12"><span class='ocrx_word' id='word_1_385' title='bbox 341 3150 420 3210; x_wconf 76' lang='lat' dir='ltr'><strong>eapite</strong></span> <span class='ocrx_word' id='word_1_386' title='bbox 431 3149 461 3195; x_wconf 92' lang='lat' dir='ltr'><strong>de</strong></span> <span class='ocrx_word' id='word_1_387' title='bbox 472 3149 570 3195; x_wconf 89' lang='lat' dir='ltr'><strong>domino</strong></span> <span class='ocrx_word' id='word_1_388' title='bbox 582 3148 647 3210; x_wconf 83' lang='lat' dir='ltr'><strong>Rege</strong></span> <span class='ocrx_word' id='word_1_389' title='bbox 658 3149 689 3196; x_wconf 88' lang='lat' dir='ltr'><strong>de</strong></span> <span class='ocrx_word' id='word_1_390' title='bbox 700 3149 774 3196; x_wconf 78' lang='lat' dir='ltr'><strong>veberi</strong></span> <span class='ocrx_word' id='word_1_391' title='bbox 785 3149 945 3205; x_wconf 73' lang='lat' dir='ltr'><strong>fondamento,</strong></span> <span class='ocrx_word' id='word_1_392' title='bbox 961 3147 1027 3195; x_wconf 86' lang='lat' dir='ltr'><strong>unde</strong></span> <span class='ocrx_word' id='word_1_393' title='bbox 1038 3148 1163 3195; x_wconf 77' lang='lat' dir='ltr'><strong>Geliridus</strong></span> <span class='ocrx_word' id='word_1_394' title='bbox 1182 3149 1213 3195; x_wconf 90' lang='lat' dir='ltr'><strong>de</strong></span> <span class='ocrx_word' id='word_1_395' title='bbox 1224 3149 1248 3195; x_wconf 79' lang='lat' dir='ltr'><strong>is</strong></span> <span class='ocrx_word' id='word_1_396' title='bbox 1266 3147 1333 3196; x_wconf 76' lang='lat' dir='ltr'><strong>idere</strong></span> <span class='ocrx_word' id='word_1_397' title='bbox 1344 3154 1410 3196; x_wconf 79' lang='lat' dir='ltr'><strong>tenet</strong></span> <span class='ocrx_word' id='word_1_398' title='bbox 1420 3149 1548 3196; x_wconf 89' lang='lat' dir='ltr'><strong>dimidium</strong></span> 
     </span>
     <span class='ocr_line' id='line_1_31' title="bbox 342 3229 1546 3292; baseline 0 -14"><span class='ocrx_word' id='word_1_399' title='bbox 342 3232 439 3279; x_wconf 73' lang='lat' dir='ltr'><strong>feodum</strong></span> <span class='ocrx_word' id='word_1_400' title='bbox 448 3236 472 3278; x_wconf 81' lang='lat' dir='ltr'><strong>et</strong></span> <span class='ocrx_word' id='word_1_401' title='bbox 482 3230 600 3278; x_wconf 79' lang='lat' dir='ltr'><strong>Roborius</strong></span> <span class='ocrx_word' id='word_1_402' title='bbox 607 3231 671 3278; x_wconf 84' lang='lat' dir='ltr'><strong>filius</strong></span> <span class='ocrx_word' id='word_1_403' title='bbox 683 3231 782 3278; x_wconf 83' lang='lat' dir='ltr'><strong>Roberd</strong></span> <span class='ocrx_word' id='word_1_404' title='bbox 790 3229 920 3277; x_wconf 89' lang='lat' dir='ltr'><strong>dimidium</strong></span> <span class='ocrx_word' id='word_1_405' title='bbox 928 3229 1035 3278; x_wconf 84' lang='lat' dir='ltr'><strong>ieodum.</strong></span> <span class='ocrx_word' id='word_1_406' title='bbox 1069 3231 1175 3291; x_wconf 83' lang='lat' dir='ltr'><strong>Deping,</strong></span> <span class='ocrx_word' id='word_1_407' title='bbox 1185 3230 1289 3277; x_wconf 83' lang='lat' dir='ltr'><strong>Berbsm</strong></span> <span class='ocrx_word' id='word_1_408' title='bbox 1299 3229 1447 3292; x_wconf 82' lang='lat' dir='ltr'><strong>(BerboIm),</strong></span> <span class='ocrx_word' id='word_1_409' title='bbox 1456 3230 1546 3280; x_wconf 72' lang='lat' dir='ltr'><strong>sowa.</strong></span> 
     </span>
     <span class='ocr_line' id='line_1_32' title="bbox 343 3310 1549 3373; baseline -0.002 -12"><span class='ocrx_word' id='word_1_410' title='bbox 343 3313 405 3361; x_wconf 84' lang='lat' dir='ltr'><strong>item</strong></span> <span class='ocrx_word' id='word_1_411' title='bbox 416 3313 499 3359; x_wconf 81' lang='lat' dir='ltr'><strong>eedem</strong></span> <span class='ocrx_word' id='word_1_412' title='bbox 510 3311 625 3358; x_wconf 81' lang='lat' dir='ltr'><strong>Johenns</strong></span> <span class='ocrx_word' id='word_1_413' title='bbox 636 3310 738 3373; x_wconf 83' lang='lat' dir='ltr'><strong>(Weke)</strong></span> <span class='ocrx_word' id='word_1_414' title='bbox 751 3315 816 3358; x_wconf 79' lang='lat' dir='ltr'><strong>tenet</strong></span> <span class='ocrx_word' id='word_1_415' title='bbox 823 3311 849 3357; x_wconf 90' lang='lat' dir='ltr'><strong>in</strong></span> <span class='ocrx_word' id='word_1_416' title='bbox 856 3310 947 3358; x_wconf 89' lang='lat' dir='ltr'><strong>eisdem</strong></span> <span class='ocrx_word' id='word_1_417' title='bbox 957 3311 1020 3358; x_wconf 80' lang='lat' dir='ltr'><strong>viliis</strong></span> <span class='ocrx_word' id='word_1_418' title='bbox 1031 3311 1061 3358; x_wconf 82' lang='lat' dir='ltr'><strong>de</strong></span> <span class='ocrx_word' id='word_1_419' title='bbox 1072 3313 1159 3358; x_wconf 70' lang='lat' dir='ltr'><strong>abbeie</strong></span> <span class='ocrx_word' id='word_1_420' title='bbox 1170 3311 1201 3358; x_wconf 90' lang='lat' dir='ltr'><strong>de</strong></span> <span class='ocrx_word' id='word_1_421' title='bbox 1212 3311 1302 3373; x_wconf 86' lang='lat' dir='ltr'><strong>Burgo,</strong></span> <span class='ocrx_word' id='word_1_422' title='bbox 1313 3317 1338 3358; x_wconf 77' lang='lat' dir='ltr'><strong>et</strong></span> <span class='ocrx_word' id='word_1_423' title='bbox 1348 3312 1422 3358; x_wconf 81' lang='lat' dir='ltr'><strong>ubbes</strong></span> <span class='ocrx_word' id='word_1_424' title='bbox 1433 3313 1459 3358; x_wconf 89' lang='lat' dir='ltr'><strong>in</strong></span> <span class='ocrx_word' id='word_1_425' title='bbox 1470 3314 1549 3373; x_wconf 74' lang='lat' dir='ltr'><strong>eapite</strong></span> 
     </span>
     <span class='ocr_line' id='line_1_33' title="bbox 342 3391 1548 3456; baseline -0.002 -13"><span class='ocrx_word' id='word_1_426' title='bbox 342 3397 373 3445; x_wconf 89' lang='lat' dir='ltr'><strong>de</strong></span> <span class='ocrx_word' id='word_1_427' title='bbox 383 3396 482 3444; x_wconf 90' lang='lat' dir='ltr'><strong>domino</strong></span> <span class='ocrx_word' id='word_1_428' title='bbox 493 3395 559 3456; x_wconf 78' lang='lat' dir='ltr'><strong>Rege</strong></span> <span class='ocrx_word' id='word_1_429' title='bbox 571 3394 602 3440; x_wconf 91' lang='lat' dir='ltr'><strong>de</strong></span> <span class='ocrx_word' id='word_1_430' title='bbox 613 3395 687 3441; x_wconf 78' lang='lat' dir='ltr'><strong>veteri</strong></span> <span class='ocrx_word' id='word_1_431' title='bbox 701 3393 862 3440; x_wconf 67' lang='lat' dir='ltr'><strong>sedimento.</strong></span> <span class='ocrx_word' id='word_1_432' title='bbox 897 3391 969 3439; x_wconf 91' lang='lat' dir='ltr'><strong>Unde</strong></span> <span class='ocrx_word' id='word_1_433' title='bbox 981 3393 1060 3453; x_wconf 72' lang='lat' dir='ltr'><strong>Wydo</strong></span> <span class='ocrx_word' id='word_1_434' title='bbox 1071 3393 1150 3440; x_wconf 81' lang='lat' dir='ltr'><strong>Welre</strong></span> <span class='ocrx_word' id='word_1_435' title='bbox 1160 3391 1270 3440; x_wconf 78' lang='lat' dir='ltr'><strong>ieodstus</strong></span> <span class='ocrx_word' id='word_1_436' title='bbox 1281 3399 1316 3440; x_wconf 77' lang='lat' dir='ltr'><strong>est</strong></span> <span class='ocrx_word' id='word_1_437' title='bbox 1326 3393 1357 3440; x_wconf 90' lang='lat' dir='ltr'><strong>de</strong></span> <span class='ocrx_word' id='word_1_438' title='bbox 1368 3393 1468 3440; x_wconf 90' lang='lat' dir='ltr'><strong>dimidio</strong></span> <span class='ocrx_word' id='word_1_439' title='bbox 1478 3393 1548 3441; x_wconf 76' lang='lat' dir='ltr'><strong>feodo</strong></span> 
     </span>
     <span class='ocr_line' id='line_1_34' title="bbox 342 3475 1551 3539; baseline -0.006 -10"><span class='ocrx_word' id='word_1_440' title='bbox 342 3481 455 3529; x_wconf 78' lang='lat' dir='ltr'><strong>miiitiset</strong></span> <span class='ocrx_word' id='word_1_441' title='bbox 464 3477 605 3539; x_wconf 79' lang='lat' dir='ltr'><strong>Redulpbns</strong></span> <span class='ocrx_word' id='word_1_442' title='bbox 612 3476 642 3523; x_wconf 92' lang='lat' dir='ltr'><strong>de</strong></span> <span class='ocrx_word' id='word_1_443' title='bbox 650 3475 763 3537; x_wconf 74' lang='lat' dir='ltr'><strong>merey</strong></span> <span class='ocrx_word' id='word_1_444' title='bbox 772 3481 796 3522; x_wconf 86' lang='lat' dir='ltr'><strong>et</strong></span> <span class='ocrx_word' id='word_1_445' title='bbox 803 3475 913 3521; x_wconf 73' lang='lat' dir='ltr'><strong>snum</strong></span> <span class='ocrx_word' id='word_1_446' title='bbox 923 3475 954 3521; x_wconf 89' lang='lat' dir='ltr'><strong>de</strong></span> <span class='ocrx_word' id='word_1_447' title='bbox 963 3475 1067 3535; x_wconf 78' lang='lat' dir='ltr'><strong>Byrbem</strong></span> <span class='ocrx_word' id='word_1_448' title='bbox 1075 3475 1106 3522; x_wconf 92' lang='lat' dir='ltr'><strong>de</strong></span> <span class='ocrx_word' id='word_1_449' title='bbox 1114 3475 1214 3522; x_wconf 89' lang='lat' dir='ltr'><strong>dimidio</strong></span> <span class='ocrx_word' id='word_1_450' title='bbox 1222 3475 1301 3523; x_wconf 74' lang='lat' dir='ltr'><strong>feodo.</strong></span> <span class='ocrx_word' id='word_1_451' title='bbox 1320 3475 1350 3522; x_wconf 92' lang='lat' dir='ltr'><strong>In</strong></span> <span class='ocrx_word' id='word_1_452' title='bbox 1357 3475 1399 3523; x_wconf 81' lang='lat' dir='ltr'><strong>the</strong></span> <span class='ocrx_word' id='word_1_453' title='bbox 1409 3475 1551 3522; x_wconf 84' lang='lat' dir='ltr'><strong>oountiesoi</strong></span> 
     </span>
     <span class='ocr_line' id='line_1_35' title="bbox 343 3555 1548 3623; baseline -0.002 -15"><span class='ocrx_word' id='word_1_454' title='bbox 343 3561 501 3623; x_wconf 81' lang='lat' dir='ltr'><strong>Nottingbem</strong></span> <span class='ocrx_word' id='word_1_455' title='bbox 512 3559 561 3606; x_wconf 80' lang='lat' dir='ltr'><strong>end</strong></span> <span class='ocrx_word' id='word_1_456' title='bbox 573 3558 654 3617; x_wconf 75' lang='lat' dir='ltr'><strong>Derby</strong></span> <span class='ocrx_word' id='word_1_457' title='bbox 665 3557 685 3604; x_wconf 88' lang='lat' dir='ltr'><strong>is</strong></span> <span class='ocrx_word' id='word_1_458' title='bbox 695 3556 743 3603; x_wconf 78' lang='lat' dir='ltr'><strong>this</strong></span> <span class='ocrx_word' id='word_1_459' title='bbox 753 3560 822 3616; x_wconf 76' lang='lat' dir='ltr'><strong>enti-y</strong></span> <span class='ocrx_word' id='word_1_460' title='bbox 830 3557 887 3602; x_wconf 90' lang='lat'><strong>:-“</strong></span> <span class='ocrx_word' id='word_1_461' title='bbox 897 3556 1052 3604; x_wconf 80' lang='lat' dir='ltr'><strong>Beddewinus</strong></span> <span class='ocrx_word' id='word_1_462' title='bbox 1062 3557 1093 3603; x_wconf 93' lang='lat' dir='ltr'><strong>de</strong></span> <span class='ocrx_word' id='word_1_463' title='bbox 1104 3555 1198 3604; x_wconf 79' lang='lat' dir='ltr'><strong>Penion</strong></span> <span class='ocrx_word' id='word_1_464' title='bbox 1207 3561 1273 3603; x_wconf 80' lang='lat' dir='ltr'><strong>tenet</strong></span> <span class='ocrx_word' id='word_1_465' title='bbox 1281 3557 1306 3603; x_wconf 93' lang='lat' dir='ltr'><strong>in</strong></span> <span class='ocrx_word' id='word_1_466' title='bbox 1318 3557 1397 3604; x_wconf 73' lang='lat' dir='ltr'><strong>North</strong></span> <span class='ocrx_word' id='word_1_467' title='bbox 1406 3557 1548 3621; x_wconf 83' lang='lat' dir='ltr'><strong>Musebemp</strong></span> 
     </span>
     <span class='ocr_line' id='line_1_36' title="bbox 343 3637 1550 3703; baseline -0.002 -12"><span class='ocrx_word' id='word_1_468' title='bbox 343 3644 471 3690; x_wconf 86' lang='lat' dir='ltr'><strong>dimidium</strong></span> <span class='ocrx_word' id='word_1_469' title='bbox 478 3644 575 3691; x_wconf 85' lang='lat' dir='ltr'><strong>ieodum</strong></span> <span class='ocrx_word' id='word_1_470' title='bbox 584 3640 667 3688; x_wconf 84' lang='lat' dir='ltr'><strong>militis</strong></span> <span class='ocrx_word' id='word_1_471' title='bbox 673 3639 704 3687; x_wconf 87' lang='lat' dir='ltr'><strong>de</strong></span> <span class='ocrx_word' id='word_1_472' title='bbox 712 3639 783 3686; x_wconf 73' lang='lat' dir='ltr'><strong>feodo</strong></span> <span class='ocrx_word' id='word_1_473' title='bbox 790 3639 883 3685; x_wconf 73' lang='lat' dir='ltr'><strong>ebbeiis</strong></span> <span class='ocrx_word' id='word_1_474' title='bbox 892 3637 922 3684; x_wconf 93' lang='lat' dir='ltr'><strong>de</strong></span> <span class='ocrx_word' id='word_1_475' title='bbox 932 3638 1042 3700; x_wconf 84' lang='lat' dir='ltr'><strong>Burgo.”</strong></span> <span class='ocrx_word' id='word_1_476' title='bbox 1058 3639 1088 3685; x_wconf 87' lang='lat' dir='ltr'><strong>In</strong></span> <span class='ocrx_word' id='word_1_477' title='bbox 1100 3639 1142 3686; x_wconf 79' lang='lat' dir='ltr'><strong>ibe</strong></span> <span class='ocrx_word' id='word_1_478' title='bbox 1147 3645 1236 3700; x_wconf 71' lang='lat' dir='ltr'><strong>oounty</strong></span> <span class='ocrx_word' id='word_1_479' title='bbox 1244 3638 1271 3686; x_wconf 82' lang='lat' dir='ltr'><strong>oi</strong></span> <span class='ocrx_word' id='word_1_480' title='bbox 1278 3639 1301 3685; x_wconf 89' lang='lat' dir='ltr'>N</span> <span class='ocrx_word' id='word_1_481' title='bbox 1303 3641 1463 3703; x_wconf 80' lang='lat' dir='ltr'><strong>oribsmpton,</strong></span> <span class='ocrx_word' id='word_1_482' title='bbox 1470 3643 1550 3688; x_wconf 86' lang='lat' dir='ltr'><strong>under</strong></span> 
     </span>
     <span class='ocr_line' id='line_1_37' title="bbox 343 3719 1550 3782; baseline -0.002 -9"><span class='ocrx_word' id='word_1_483' title='bbox 343 3726 409 3773; x_wconf 81' lang='lat' dir='ltr'><strong>tbeee</strong></span> <span class='ocrx_word' id='word_1_484' title='bbox 422 3725 556 3782; x_wconf 89' lang='lat' dir='ltr'><strong>bnndreds,</strong></span> <span class='ocrx_word' id='word_1_485' title='bbox 573 3727 589 3751; x_wconf 75' lang='lat'><strong>‘⁴</strong></span> <span class='ocrx_word' id='word_1_486' title='bbox 600 3723 743 3780; x_wconf 80' lang='lat' dir='ltr'><strong>Pokesbroo,</strong></span> <span class='ocrx_word' id='word_1_487' title='bbox 760 3720 897 3779; x_wconf 80' lang='lat' dir='ltr'><strong>Nevisiord,</strong></span> <span class='ocrx_word' id='word_1_488' title='bbox 915 3719 1067 3779; x_wconf 81' lang='lat' dir='ltr'><strong>Hokedewe,</strong></span> <span class='ocrx_word' id='word_1_489' title='bbox 1080 3721 1282 3781; x_wconf 80' lang='lat' dir='ltr'><strong>Sutbneveuiond,</strong></span> <span class='ocrx_word' id='word_1_490' title='bbox 1300 3723 1508 3772; x_wconf 79' lang='lat' dir='ltr'><strong>Nortbneveslond</strong></span> <span class='ocrx_word' id='word_1_491' title='bbox 1525 3730 1550 3770; x_wconf 82' lang='lat' dir='ltr'><strong>et</strong></span> 
     </span>
     <span class='ocr_line' id='line_1_38' title="bbox 344 3801 1551 3869; baseline -0.001 -17"><span class='ocrx_word' id='word_1_492' title='bbox 344 3805 434 3853; x_wconf 75' lang='lat' dir='ltr'><strong>Nessus</strong></span> <span class='ocrx_word' id='word_1_493' title='bbox 442 3807 546 3869; x_wconf 86' lang='lat' dir='ltr'><strong>Burgi.&#39;’</strong></span> <span class='ocrx_word' id='word_1_494' title='bbox 578 3807 636 3853; x_wconf 83' lang='lat' dir='ltr'><strong>This</strong></span> <span class='ocrx_word' id='word_1_495' title='bbox 642 3811 710 3866; x_wconf 74' lang='lat' dir='ltr'><strong>entry</strong></span> <span class='ocrx_word' id='word_1_496' title='bbox 717 3805 775 3853; x_wconf 86' lang='lat'><strong>:-“</strong></span> <span class='ocrx_word' id='word_1_497' title='bbox 784 3801 866 3850; x_wconf 79' lang='lat' dir='ltr'><strong>Feods</strong></span> <span class='ocrx_word' id='word_1_498' title='bbox 876 3803 994 3851; x_wconf 79' lang='lat' dir='ltr'><strong>iorinseoe</strong></span> <span class='ocrx_word' id='word_1_499' title='bbox 1004 3804 1117 3863; x_wconf 82' lang='lat' dir='ltr'><strong>miiitum,</strong></span> <span class='ocrx_word' id='word_1_500' title='bbox 1125 3811 1237 3865; x_wconf 81' lang='lat' dir='ltr'><strong>querunt</strong></span> <span class='ocrx_word' id='word_1_501' title='bbox 1245 3805 1309 3852; x_wconf 77' lang='lat' dir='ltr'><strong>inire</strong></span> <span class='ocrx_word' id='word_1_502' title='bbox 1316 3806 1450 3854; x_wconf 81' lang='lat' dir='ltr'><strong>liberistem</strong></span> <span class='ocrx_word' id='word_1_503' title='bbox 1458 3805 1551 3852; x_wconf 83' lang='lat' dir='ltr'><strong>ebbetis</strong></span> 
     </span>
     <span class='ocr_line' id='line_1_39' title="bbox 345 3885 1551 3949; baseline 0.002 -17"><span class='ocrx_word' id='word_1_504' title='bbox 345 3888 376 3934; x_wconf 94' lang='lat' dir='ltr'><strong>de</strong></span> <span class='ocrx_word' id='word_1_505' title='bbox 387 3888 478 3947; x_wconf 84' lang='lat' dir='ltr'><strong>Bnrgo,</strong></span> <span class='ocrx_word' id='word_1_506' title='bbox 491 3895 515 3934; x_wconf 76' lang='lat' dir='ltr'><strong>ei</strong></span> <span class='ocrx_word' id='word_1_507' title='bbox 526 3903 575 3935; x_wconf 93' lang='lat' dir='ltr'><strong>non</strong></span> <span class='ocrx_word' id='word_1_508' title='bbox 586 3894 700 3935; x_wconf 80' lang='lat' dir='ltr'><strong>tenentur</strong></span> <span class='ocrx_word' id='word_1_509' title='bbox 717 3888 743 3933; x_wconf 94' lang='lat' dir='ltr'><strong>in</strong></span> <span class='ocrx_word' id='word_1_510' title='bbox 758 3887 837 3946; x_wconf 73' lang='lat' dir='ltr'><strong>eapite</strong></span> <span class='ocrx_word' id='word_1_511' title='bbox 848 3885 879 3932; x_wconf 90' lang='lat' dir='ltr'><strong>de</strong></span> <span class='ocrx_word' id='word_1_512' title='bbox 889 3887 985 3934; x_wconf 74' lang='lat' dir='ltr'><strong>abbeie.</strong></span> <span class='ocrx_word' id='word_1_513' title='bbox 1020 3887 1124 3935; x_wconf 75' lang='lat' dir='ltr'><strong>Nomine</strong></span> <span class='ocrx_word' id='word_1_514' title='bbox 1134 3889 1274 3935; x_wconf 79' lang='lat' dir='ltr'><strong>tenenoium</strong></span> <span class='ocrx_word' id='word_1_515' title='bbox 1285 3889 1310 3934; x_wconf 91' lang='lat' dir='ltr'><strong>in</strong></span> <span class='ocrx_word' id='word_1_516' title='bbox 1321 3889 1400 3949; x_wconf 70' lang='lat' dir='ltr'><strong>eapite</strong></span> <span class='ocrx_word' id='word_1_517' title='bbox 1411 3888 1442 3934; x_wconf 90' lang='lat' dir='ltr'><strong>de</strong></span> <span class='ocrx_word' id='word_1_518' title='bbox 1453 3888 1551 3934; x_wconf 88' lang='lat' dir='ltr'><strong>domino</strong></span> 
     </span>
     <span class='ocr_line' id='line_1_40' title="bbox 346 3965 1550 4029; baseline 0.002 -17"><span class='ocrx_word' id='word_1_519' title='bbox 346 3968 411 4028; x_wconf 89' lang='lat' dir='ltr'><strong>Rege</strong></span> <span class='ocrx_word' id='word_1_520' title='bbox 419 3965 444 4010; x_wconf 90' lang='lat' dir='ltr'><strong>in</strong></span> <span class='ocrx_word' id='word_1_521' title='bbox 453 3967 555 4012; x_wconf 80' lang='lat' dir='ltr'><strong>Beronis</strong></span> <span class='ocrx_word' id='word_1_522' title='bbox 563 3968 588 4013; x_wconf 89' lang='lat' dir='ltr'><strong>in</strong></span> <span class='ocrx_word' id='word_1_523' title='bbox 601 3967 841 4015; x_wconf 80' lang='lat' dir='ltr'><strong>Norbsmtouiesoire.</strong></span> <span class='ocrx_word' id='word_1_524' title='bbox 864 3967 947 4013; x_wconf 80' lang='lat' dir='ltr'><strong>Abbes</strong></span> <span class='ocrx_word' id='word_1_525' title='bbox 956 3967 1033 4028; x_wconf 84' lang='lat' dir='ltr'><strong>Burgi</strong></span> <span class='ocrx_word' id='word_1_526' title='bbox 1043 3973 1110 4015; x_wconf 74' lang='lat' dir='ltr'><strong>tenet</strong></span> <span class='ocrx_word' id='word_1_527' title='bbox 1118 3967 1143 4014; x_wconf 93' lang='lat' dir='ltr'><strong>in</strong></span> <span class='ocrx_word' id='word_1_528' title='bbox 1152 3969 1230 4029; x_wconf 80' lang='lat' dir='ltr'><strong>oepite</strong></span> <span class='ocrx_word' id='word_1_529' title='bbox 1237 3982 1281 4028; x_wconf 83' lang='lat' dir='ltr'><strong>per</strong></span> <span class='ocrx_word' id='word_1_530' title='bbox 1288 3967 1358 4014; x_wconf 72' lang='lat' dir='ltr'><strong>feoda</strong></span> <span class='ocrx_word' id='word_1_531' title='bbox 1366 3969 1428 4015; x_wconf 75' lang='lat' dir='ltr'><strong>dxx.</strong></span> <span class='ocrx_word' id='word_1_532' title='bbox 1438 3968 1550 4014; x_wconf 84' lang='lat' dir='ltr'><strong>militum.</strong></span> 
     </span>
     <span class='ocr_line' id='line_1_41' title="bbox 345 4046 1550 4110; baseline 0.004 -19"><span class='ocrx_word' id='word_1_533' title='bbox 345 4046 472 4092; x_wconf 80' lang='lat' dir='ltr'><strong>Auxilium</strong></span> <span class='ocrx_word' id='word_1_534' title='bbox 491 4046 637 4106; x_wconf 76' lang='lat' dir='ltr'><strong>prehwmm</strong></span> <span class='ocrx_word' id='word_1_535' title='bbox 656 4063 795 4096; x_wconf 86' lang='lat' dir='ltr'><strong>ooneeseum</strong></span> <span class='ocrx_word' id='word_1_536' title='bbox 814 4048 913 4095; x_wconf 90' lang='lat' dir='ltr'><strong>domino</strong></span> <span class='ocrx_word' id='word_1_537' title='bbox 931 4048 992 4110; x_wconf 83' lang='lat' dir='ltr'><strong>Regi</strong></span> <span class='ocrx_word' id='word_1_538' title='bbox 1010 4050 1041 4096; x_wconf 84' lang='lat' dir='ltr'><strong>ed</strong></span> <span class='ocrx_word' id='word_1_539' title='bbox 1061 4051 1224 4096; x_wconf 61' lang='lat' dir='ltr'><strong>merit-endum</strong></span> <span class='ocrx_word' id='word_1_540' title='bbox 1242 4063 1346 4096; x_wconf 84' lang='lat' dir='ltr'><strong>eororem</strong></span> <span class='ocrx_word' id='word_1_541' title='bbox 1363 4063 1431 4095; x_wconf 83' lang='lat' dir='ltr'><strong>suem</strong></span> <span class='ocrx_word' id='word_1_542' title='bbox 1443 4049 1550 4096; x_wconf 73' lang='lat' dir='ltr'><strong>Romano</strong></span> 
     </span>
     <span class='ocr_line' id='line_1_42' title="bbox 345 4126 1550 4192; baseline 0.002 -18"><span class='ocrx_word' id='word_1_543' title='bbox 345 4128 509 4189; x_wconf 77' lang='lat' dir='ltr'><strong>impereion.&#39;&#39;</strong></span> <span class='ocrx_word' id='word_1_544' title='bbox 540 4126 598 4176; x_wconf 82' lang='lat' dir='ltr'><strong>This</strong></span> <span class='ocrx_word' id='word_1_545' title='bbox 608 4128 648 4174; x_wconf 81' lang='lat' dir='ltr'><strong>uid</strong></span> <span class='ocrx_word' id='word_1_546' title='bbox 660 4144 708 4176; x_wconf 74' lang='lat' dir='ltr'><strong>was</strong></span> <span class='ocrx_word' id='word_1_547' title='bbox 719 4130 821 4178; x_wconf 70' lang='lat' dir='ltr'><strong>meued</strong></span> <span class='ocrx_word' id='word_1_548' title='bbox 836 4136 862 4178; x_wconf 80' lang='lat' dir='ltr'><strong>et</strong></span> <span class='ocrx_word' id='word_1_549' title='bbox 881 4137 929 4178; x_wconf 80' lang='lat' dir='ltr'><strong>two</strong></span> <span class='ocrx_word' id='word_1_550' title='bbox 940 4131 1021 4178; x_wconf 81' lang='lat' dir='ltr'><strong>msrks</strong></span> <span class='ocrx_word' id='word_1_551' title='bbox 1031 4147 1046 4178; x_wconf 84' lang='lat' dir='ltr'><strong>s</strong></span> <span class='ocrx_word' id='word_1_552' title='bbox 1056 4133 1099 4179; x_wconf 84' lang='lat' dir='ltr'><strong>dei</strong></span> <span class='ocrx_word' id='word_1_553' title='bbox 1116 4131 1194 4178; x_wconf 83' lang='lat' dir='ltr'><strong>under</strong></span> <span class='ocrx_word' id='word_1_554' title='bbox 1205 4145 1220 4178; x_wconf 78' lang='lat' dir='ltr'><strong>s</strong></span> <span class='ocrx_word' id='word_1_555' title='bbox 1231 4129 1285 4177; x_wconf 80' lang='lat' dir='ltr'><strong>wrii</strong></span> <span class='ocrx_word' id='word_1_556' title='bbox 1296 4131 1323 4177; x_wconf 83' lang='lat' dir='ltr'><strong>oi</strong></span> <span class='ocrx_word' id='word_1_557' title='bbox 1336 4131 1378 4178; x_wconf 80' lang='lat' dir='ltr'><strong>tho</strong></span> <span class='ocrx_word' id='word_1_558' title='bbox 1394 4130 1462 4192; x_wconf 79' lang='lat' dir='ltr'><strong>king,</strong></span> <span class='ocrx_word' id='word_1_559' title='bbox 1474 4130 1550 4178; x_wconf 70' lang='lat' dir='ltr'><strong>tested</strong></span> 
     </span>
    </p>
   </div>
   <div class='ocr_carea' id='block_1_4' title="bbox 0 0 1966 5024">
    <p class='ocr_par' dir='ltr' id='par_1_4' title="bbox 0 0 1966 5024">
     <span class='ocr_line' id='line_1_43' title="bbox 0 0 1966 5024; baseline 0 0"><span class='ocrx_word' id='word_1_560' title='bbox 0 0 1966 5024; x_wconf 95' lang='lat' dir='ltr'><strong> </strong></span> 
     </span>
    </p>
   </div>
  </div>
 </body>
</html>
