3812 5030
607 607 821 654 cnaourcoro
839 608 1165 654 aaraoauucuusu.
1457 595 1493 652 15

287 760 397 847 regina
410 759 549 825 redeunt
559 760 600 824 de
618 759 791 826 Gasconia.
837 759 1034 828 Bonelacius
1049 759 1239 847 Burgundio
1253 767 1352 825 natus
1367 759 1496 845 eligitur

288 864 550 950 archiepiscopus
566 864 753 930 Cantuarie.

91 975 276 1023 mosenum.

126 1090 274 1138 nrraoxrvo.
333 1068 515 1134 Concilium
530 1069 678 1154 generale
693 1069 856 1154 Lugduno
872 1069 1062 1149 celebratur,
1079 1071 1168 1155 Papa
1183 1068 1378 1136 Innocentio
1391 1067 1494 1133 11110.

288 1171 485 1256 presidente,
518 1170 585 1237 xvi.
613 1171 769 1238 kalendas
793 1172 946 1257 Augusti,
978 1171 1037 1237 ubi
1072 1172 1254 1257 Imperator
1284 1172 1492 1237 Frethericus

288 1274 597 1340 excommunicatur.
646 1273 758 1339 Abbas
785 1275 887 1360 Burgi
912 1275 1077 1342 Walterus
1101 1277 1143 1340 ad
1169 1275 1291 1340 curiam
1315 1274 1496 1359 specialiter

288 1389 433 1457 vocatus,
444 1377 584 1456 rediens,
598 1391 644 1442 x⁰.
659 1377 814 1442 kalendas
829 1378 978 1444 Januarii
992 1379 1084 1444 obiit.

105 1480 274 1527 M⁰⁰⁰0⁰¹¹⁰v¹⁰·
331 1480 517 1545 Willelmus
533 1479 573 1544 de
589 1480 698 1544 Hotot
721 1479 757 1543 in
780 1478 932 1545 abbatem
952 1481 1090 1565 eligitur.
1134 1479 1181 1544 Et
1195 1479 1248 1544 die
1273 1479 1495 1563 apostolorum

57 1608 101 1669 (s,
116 1611 217 1658 amm,
229 1606 275 1670 η)
291 1581 378 1646 Petri
393 1590 427 1646 et
442 1581 534 1645 Pauli
544 1581 623 1645 fecit
636 1581 804 1665 ingressus
821 1603 911 1647 suos.
1349 1593 1350 1596 ’

110 1691 276 1738 nesano.
334 1683 404 1748 Rex
419 1683 536 1768 Anglie
551 1682 742 1748 convocavit
756 1683 1007 1768 parliamentum
1030 1705 1126 1749 suum
1143 1691 1278 1769 propter
1291 1681 1391 1746 filiam
1402 1703 1494 1748 suam

290 1785 509 1870 Margaretam
524 1785 748 1852 maritandam.

99 1908 276 1956 aroannam.
335 1888 406 1951 Rex
430 1887 563 1952 Francis
588 1887 650 1953 iter
674 1887 811 1974 arripuit
832 1909 947 1954 versus
969 1897 1088 1954 terram
1113 1895 1258 1954 sanctam
1283 1909 1358 1954 cum
1380 1888 1492 1952 multis

289 1987 464 2054 nobilibus.

114 2119 275 2166 nouenos.
333 2093 485 2158 Damieta
509 2102 604 2178 capta
618 2102 679 2159 est.
726 2093 838 2160 Abbas
853 2093 1040 2160 Willelmus
1055 2095 1097 2162 de
1113 2095 1222 2161 Hotot
1247 2094 1346 2162 cessit
1359 2096 1394 2161 in
1408 2097 1492 2160 sesto

290 2196 393 2260 sancti
409 2195 570 2261 Nicholai.

163 2329 276 2376 braceola
334 2298 426 2364 Prior
441 2297 545 2363 sancti
560 2296 723 2362 Swithuni·
734 2297 913 2378 wintonie,
930 2297 1062 2377 scilicet,
1076 2298 1099 2363 J
1101 2299 1246 2364 ohannes
1264 2301 1305 2365 de
1321 2300 1439 2364 Kaleto
1453 2300 1492 2364 fit

290 2401 390 2466 abbas
413 2400 524 2485 Burgi.
569 2400 615 2463 Et
625 2400 701 2464 lecit
714 2400 877 2485 ingressus
890 2399 942 2464 die
957 2399 1060 2464 sancti
1076 2400 1174 2464 Petri.

152 2538 276 2585 Memfi.
334 2503 515 2589 Imperator
530 2501 746 2579 Frethericus,
761 2511 801 2567 ut
815 2503 941 2582 dicitur,
957 2502 1266 2569 excommunicatur.

142 2629 275 2676 uocoeorno.
335 2604 499 2670 Robertus
516 2603 674 2689 Flaming,
689 2604 840 2669 dominus
851 2613 886 2668 et
895 2625 1035 2690 persona
1049 2603 1089 2668 de
1102 2603 1280 2684 Pchcbroc,
1292 2604 1382 2671 dedit
1395 2604 1491 2670 nobis

289 2707 468 2774 maneriam
483 2706 524 2771 de
539 2705 707 2771 Pokebroc
721 2728 795 2770 cum
806 2705 959 2770 omnibus
973 2705 1187 2791 pertinentiis.

135 2829 275 2878 armanno.
331 2809 495 2875 Dominus
507 2806 702 2873 Bonelacius
717 2807 977 2895 archiepiscopus
993 2809 1168 2875 Cantuarie
1190 2809 1364 2876 celebravit
1384 2812 1492 2877 conci-

287 2911 367 2976 lium
382 2911 468 2996 apud
483 2910 813 2976 westmonasterium
827 2919 862 2975 et
876 2912 967 2976 dedit
984 2912 1180 2976 sententiam
1195 2935 1269 2978 cum
1296 2912 1352 2978 xii.
1367 2915 1491 2999 coepis-

287 3014 377 3098 copis
392 3014 426 3078 in
450 3034 564 3077 omues
579 3013 635 3097 qui
650 3013 847 3078 contrairent
856 3013 1034 3094 libertates,
1056 3037 1135 3099 quas
1157 3014 1309 3079 dominus
1326 3016 1490 3080 Henricus

287 3138 345 3180 rex
356 3113 483 3199 Anglie,
499 3122 534 3176 et
544 3124 637 3198 pater
651 3114 731 3178 dicti
747 3113 893 3193 Henrici,
908 3125 942 3180 et
958 3125 1180 3180 antecessores
1195 3137 1307 3179 eorum
1322 3137 1491 3182 concesse-

286 3227 364 3283 runt
377 3238 435 3302 per
455 3224 559 3280 cartas
575 3237 660 3280 suas.
705 3216 833 3281 Eodem
851 3237 937 3280 anno
955 3216 1108 3280 dominus
1123 3217 1292 3281 lohannes
1308 3216 1348 3280 de
1372 3217 1490 3284 Kaletc

286 3321 387 3385 abbas
415 3317 592 3404 adquisivit
621 3318 757 3384 edicto
788 3317 922 3384 domino
959 3340 1034 3404 rege
1064 3341 1122 3405 per
1150 3319 1272 3384 multos
1301 3319 1427 3384 labores
1457 3329 1491 3386 ct

286 3445 457 3510 expensas,
489 3421 767 3508 specificscionem
796 3421 983 3488 hbertatum
1016 3444 1147 3488 suarum
1176 3422 1212 3487 in
1245 3422 1340 3488 cartis
1376 3445 1489 3509 regum

285 3529 402 3614 Anglie
427 3525 488 3591 sub
514 3525 717 3611 generalibus
743 3525 852 3592 verbis
876 3535 1113 3593 contentarum.
1169 3527 1244 3592 Hoc
1273 3547 1359 3591 anno
1388 3528 1490 3592 eciam

286 3629 507 3699 transfretavit
529 3629 617 3694 idem
641 3651 700 3694 rex
722 3628 758 3693 in
787 3629 984 3694 Gasconiam
1011 3630 1053 3694 ad
1077 3629 1325 3715 perquirendam
1351 3651 1432 3707 eam,
1456 3641 1490 3696 et

287 3733 420 3798 tradidit
447 3753 584 3817 regnum
604 3732 722 3817 Anghe
743 3732 778 3796 in
807 3732 944 3797 tutelam
968 3733 1099 3797 domine
1121 3731 1275 3797 Alienore
1297 3733 1417 3817 regine,
1443 3733 1490 3798 Et

288 3835 521 3922 archiepiscopi
544 3835 730 3915 Cantuarie,
759 3835 806 3900 Et
830 3835 939 3900 fratris
970 3835 1021 3900 sui
1048 3835 1173 3900 domini
1199 3835 1339 3915 Ricardi,
1362 3836 1489 3902 comitis

290 3939 465 4004 Cornubie.
525 3938 599 4004 Hoc
623 3960 709 4002 anno
732 3937 877 4004 visitavit
906 3939 1060 4004 dominus
1089 3939 1285 4005 Bonefacius
1315 3939 1489 4006 Cantuaric

289 4040 550 4126 archiepiscopus
564 4041 765 4126 provinciam
787 4062 890 4105 suam.
935 4040 1011 4106 Hoc
1036 4062 1122 4105 anno
1138 4040 1300 4107 Robertus
1320 4040 1490 4106 Grosteste

289 4142 461 4230 episcopus
498 4143 667 4210 Lincohrie
704 4142 787 4208 obiit
822 4143 903 4210 viii0.
939 4142 1014 4208 idus
1048 4141 1212 4209 Octobris.
1272 4143 1318 4210 Et
1356 4143 1490 4228 arripuit
