3938 5022
696 613 909 662 cunorrroou
927 615 1252 664 rsraoaunenusn.
1537 606 1577 666 8⁵

376 761 436 826 bas
466 761 590 828 litteras
620 786 709 831 meaa
739 767 834 833 vobis
867 768 1055 834 transmitto
1087 779 1248 855 patentes.
1293 769 1418 835 Datum
1443 771 1579 836 Londo-

377 865 452 945 niis,
465 875 527 932 etc.

423 971 503 1036 Post
527 970 587 1036 hec
611 972 687 1038 lecit
706 973 858 1040 dominus
873 976 1059 1062 Episcopus
1084 975 1203 1062 inquiri
1227 976 1268 1041 de
1288 976 1504 1042 advocacione
1528 997 1580 1042 ec·

377 1073 474 1138 clesie
512 1074 552 1139 de
592 1073 766 1161 Oloptona,
795 1088 829 1144 et
862 1080 902 1145 de
936 1079 1045 1145 valore
1078 1080 1224 1166 ejusdem
1263 1101 1321 1165 per
1349 1080 1474 1146 litteras
1504 1101 1579 1145 suas

378 1175 516 1242 directas
540 1177 669 1244 officiali
697 1181 914 1248 archidiaconi
943 1183 1194 1264 Norbamtonie,
1218 1205 1357 1270 quarum
1386 1183 1579 1250 certificatio

377 1281 438 1346 hec
452 1290 567 1346 est:-
925 1296 929 1305 ’
1126 1335 1130 1346 .

421 1387 613 1451 Reverendo
627 1386 662 1452 in
678 1386 811 1453 Christo
833 1389 918 1475 patri
933 1399 967 1455 et
990 1389 1123 1454 domino
1150 1389 1284 1454 Olivero
1298 1388 1360 1454 Dei
1377 1389 1479 1474 gratis
1500 1388 1580 1454 Lin-

377 1487 488 1560 colnie
508 1489 673 1574 episcopo,
704 1511 782 1553 suus
806 1490 938 1555 humilis
964 1501 998 1556 et
1028 1491 1166 1554 devotus
1181 1489 1339 1554 Officialis
1365 1490 1580 1555 archidiaconi

378 1589 413 1654 N
414 1590 616 1658 orhamtonie
635 1591 783 1671 salutem,
799 1593 933 1658 Etcum
949 1615 1078 1658 summo
1093 1591 1281 1658 obediencie
1305 1591 1416 1656 debito
1432 1613 1581 1657 reveren-

380 1691 462 1758 ciam
477 1693 597 1778 pariter
611 1704 646 1759 et
659 1694 827 1760 honorem.
871 1696 1011 1762 Noverit
1029 1705 1136 1762 vestra
1147 1693 1323 1780 paternitas
1338 1695 1514 1760 reverenda
1527 1717 1581 1760 ma

380 1795 421 1860 ad
450 1796 640 1862 mandatum
663 1809 810 1863 vestrum
836 1807 904 1864 tam
931 1821 1029 1886 super
1053 1799 1223 1866 ecclesiam
1247 1799 1289 1864 de
1304 1798 1469 1884 Cloptona
1483 1820 1580 1884 quam

380 1920 537 1985 personas
552 1899 709 1966 Willelmi
724 1901 886 1988 Campiun
906 1903 947 1968 de
965 1903 1196 1988 Irtlingburgo,
1211 1923 1271 1988 pro
1287 1903 1380 1988 cujus
1394 1901 1580 1987 provisione

162 1993 222 2056 (Μ
234 1994 284 2041 ⁰⁸³³·
294 1995 345 2056 14’·)
381 2000 475 2066 vobis
490 2023 548 2087 per
560 2003 800 2068 sanctissimum
815 2013 941 2089 patrem
956 2003 1125 2070 dominum
1141 2003 1321 2068 Martinum
1330 2025 1448 2089 papam
1457 2008 1471 2084 l
1480 2003 1582 2089 scrip·

158 2085 298 2132 neodem.
381 2115 453 2170 tum
489 2115 551 2186 est,
582 2115 615 2170 et
647 2105 726 2171 dicti
757 2105 885 2172 Thome
913 2106 972 2171 filii
998 2106 1139 2172 Gilberti
1169 2105 1360 2192 cappellani
1389 2106 1430 2170 ad
1460 2105 1580 2170 dictam

380 2208 547 2273 ecclesiam
576 2209 766 2294 presentati,
796 2209 830 2274 in
859 2210 958 2295 pleno
982 2209 1045 2275 loci
1068 2209 1210 2295 capitulo
1236 2209 1485 2294 inquisicionem
1508 2207 1581 2272 dili·

378 2325 509 2397 gentem
524 2312 650 2390 lecisse‚
664 2333 723 2396 per
737 2334 834 2398 quam
848 2313 980 2399 quidem
995 2313 1115 2398 accepi,
1130 2313 1220 2398 quod
1234 2313 1320 2377 dicta
1334 2311 1469 2376 eeclesia
1489 2320 1580 2374 vacat

379 2423 413 2478 et
438 2413 526 2501 cepit
548 2434 660 2478 vacare
687 2413 739 2478 die
755 2413 928 2478 Dominica
943 2413 1067 2478 scilicet
1091 2413 1124 2477 in
1145 2413 1254 2497 vigilia
1280 2411 1383 2476 sancti
1408 2411 1580 2475 Michaelis

378 2517 527 2602 proximo
553 2514 707 2600 preterito
733 2536 791 2600 per
816 2524 954 2580 mortem
979 2513 1103 2579 domini
1127 2513 1289 2579 Johaunis
1315 2512 1355 2578 de
1371 2511 1580 2578 Camerwelle
1621 2567 1625 2576 .

379 2617 486 2684 ultimi
511 2616 645 2682 rectoris
668 2616 827 2702 ejusdem.
870 2615 983 2682 Abbas
1007 2625 1041 2682 et
1066 2625 1247 2682 conventus
1271 2614 1312 2679 de
1339 2613 1450 2699 Burgo
1476 2613 1580 2678 sancti

381 2720 469 2787 Petri
485 2728 563 2784 sunt
576 2719 645 2784 veri
670 2720 800 2804 patroni
815 2720 960 2806 ejusdem
976 2719 1120 2800 ecclesie,
1136 2741 1199 2806 que
1217 2741 1285 2784 non
1300 2727 1352 2784 est
1365 2717 1505 2802 litigiosa
1519 2738 1580 2782 nec

378 2823 593 2909 pensionaris.
637 2822 734 2888 Valet
748 2833 857 2888 sutem
872 2823 944 2909 ipsa
958 2823 1092 2890 ecclesia
1117 2823 1229 2888 decem
1244 2843 1368 2886 marcas
1383 2830 1417 2885 et
1438 2819 1578 2904 amplius

379 2927 547 2992 annuatim
561 2948 716 2991 unacum
735 2927 943 3012 porcionibus
959 2927 1083 2993 decime
1097 2926 1280 3011 garbarum,
1295 2945 1375 3010 quas
1390 2922 1523 2987 sacrista
1537 2922 1580 2986 de

380 3031 491 3113 Burgo
507 3029 610 3092 sancti
624 3028 713 3092 Petri
728 3039 762 3093 et
775 3029 864 3114 prior
878 3039 912 3093 et
929 3029 1077 3094 canonici
1092 3027 1329 3092 Huntendonie
1343 3024 1529 3110 percipiunt
1543 3023 1579 3088 in

380 3131 504 3196 eadem.
548 3131 601 3196 De
615 3131 763 3215 personis
779 3131 940 3196 dictorum
950 3131 1151 3196 Willelmiet
1163 3130 1291 3194 Thome
1311 3126 1391 3192 dicit
1401 3125 1579 3211 capitulum

381 3255 416 3300 se
430 3234 532 3299 nichil
546 3234 639 3312 scire,
653 3255 692 3298 eo
704 3234 792 3319 quod
806 3233 929 3299 eisdem
944 3243 1023 3299 sunt
1036 3233 1165 3319 ignote3
1190 3254 1232 3298 ex
1245 3230 1454 3297 concessione
1469 3238 1580 3294 tamen

381 3336 459 3402 dicti
473 3336 600 3400 Thome
625 3334 738 3400 didicit
763 3335 886 3400 dictum
910 3336 1088 3421 capitulum
1113 3335 1224 3421 ipsum
1249 3332 1327 3398 alibi
1349 3331 1579 3398 beneficiatum

380 3441 529 3520 existere,
560 3461 623 3525 que
652 3439 763 3502 omnia
791 3437 885 3503 vobis
925 3449 1110 3505 reverenter
1139 3438 1284 3524 significo
1313 3459 1373 3524 per
1399 3443 1581 3522 presentes.

380 3546 496 3611 Valeat
519 3555 582 3610 etc.
618 3545 744 3609 Datum
763 3542 851 3629 apud
876 3542 1143 3630 Irtlingburgum,
1166 3543 1219 3608 die
1244 3541 1389 3622 Sabbati,
1408 3539 1530 3606 scilicet
1543 3538 1579 3604 in

381 3648 465 3713 festo
480 3648 639 3712 Omnium
655 3646 859 3724 Sanctorum,
874 3667 961 3711 anno
976 3646 1112 3711 Domini
1127 3643 1323 3729 supradicto.

425 3752 500 3816 Hiis
525 3752 659 3818 domino
680 3751 847 3837 Episcopo
870 3749 1069 3814 transmissis
1092 3771 1151 3834 per
1168 3747 1350 3814 Officialem
1364 3745 1581 3812 archidiaconi

382 3853 630 3933 Norhamtonie,
659 3861 828 3938 porrectus
860 3851 924 3917 fuit
962 3850 1092 3916 libellus
1129 3871 1189 3936 per
1225 3849 1349 3914 dictum
1378 3847 1580 3913 Willelmum

383 3954 544 4040 Campiun
560 3956 693 4022 domino
708 3956 861 4041 episcopo
877 3955 964 4040 apud
980 3954 1216 4040 lrtlinburgum
1231 3953 1292 4019 snb
1306 3954 1368 4018 hac
1382 3953 1485 4016 forma
1494 3976 1548 4016 :—

427 4058 546 4124 Coram
555 4059 648 4124 robis
664 4059 796 4124 domino
808 4059 941 4125 Olirero
956 4059 1020 4124 Dei
1034 4059 1135 4145 gratis
1146 4057 1315 4123 Lincolnie
1329 4055 1494 4141 episcopo,
1506 4075 1581 4139 pro-

381 4163 488 4227 visore
504 4183 561 4226 seu
576 4171 746 4226 executore
761 4185 781 4225 a
804 4161 880 4225 sede
894 4161 1072 4244 apostolica
1086 4161 1252 4245 deputato,
1267 4158 1346 4224 dicit
1370 4167 1405 4222 et
1426 4155 1581 4241 proponit

383 4265 568 4331 Willelmus
599 4263 761 4348 Campiun
786 4262 920 4327 clericus
945 4270 1058 4326 contra
1081 4259 1233 4326 abbatem
1259 4269 1293 4326 et
1317 4265 1515 4324 conventum
1538 4257 1580 4323 de
