3812 5030
429 635 467 693 12
744 645 958 694 cauourcon
975 647 1301 694 rasaosuaoausn.

426 821 564 884 cumque
586 799 682 864 ballia
705 801 782 881 sint,
797 800 948 886 quicquid
963 801 1143 865 vicecomes
1166 800 1266 865 habet
1287 801 1321 864 in
1348 795 1518 863 dominicis
1540 797 1625 859 hun-

425 902 533 966 dredis
558 903 681 968 domini
696 904 805 989 Regis.
851 905 928 989 Ipse
944 903 1043 968 abbas
1059 904 1100 968 de
1114 903 1253 969 Torneia
1275 901 1361 988 cepit
1376 902 1484 986 ipsum
1499 899 1625 964 Johan-

424 1025 501 1068 nem
517 1005 703 1070 Bercarium
726 1007 809 1072 infra
830 1007 1011 1072 libertatem
1036 1007 1139 1092 ipsius
1160 1006 1286 1071 abbatis
1312 1006 1352 1070 dc
1378 1004 1569 1080 Alwaltona,
1591 1007 1626 1064 et

425 1107 567 1192 apellum
582 1109 662 1173 illud
682 1111 788 1175 tenuit
801 1112 836 1174 in
862 1112 950 1174 curia
965 1132 1024 1174 sua
1048 1109 1133 1174 inter
1152 1111 1314 1195 quendam
1336 1107 1544 1194 probatorem
1566 1101 1623 1186 qui

425 1211 578 1294 cognovit
593 1235 627 1277 se
643 1235 713 1278 esse
728 1214 897 1292 latronem,
919 1222 953 1277 et
966 1213 1148 1299 predictum
1162 1213 1185 1278 J
1187 1213 1359 1290 ohannem,
1374 1211 1419 1274 ita
1434 1209 1521 1294 quod
1535 1207 1622 1270 idern

424 1312 524 1377 abbas
540 1315 580 1378 de
594 1316 733 1380 Tomeia
743 1315 842 1400 jussit
856 1315 1104 1400 inquisicionem
1118 1315 1198 1395 fieri,
1220 1324 1331 1380 utrum
1350 1313 1436 1377 idem
1451 1311 1474 1376 J
1476 1311 1621 1374 ohannes

422 1414 591 1500 culpabilis
606 1427 693 1481 esset
708 1417 748 1481 de
760 1417 913 1481 societate
925 1427 959 1480 et
972 1416 1152 1496 latrocinia,
1167 1417 1254 1480 unde
1275 1416 1362 1480 idem
1376 1412 1530 1498 probator
1545 1429 1620 1473 eum

421 1518 582 1602 apellavit.
639 1519 731 1584 Dicit
759 1519 857 1584 etiam
883 1519 971 1583 idem
996 1518 1096 1584 abbas
1133 1519 1174 1584 de
1199 1518 1309 1603 Burg)
1345 1538 1404 1601 per
1436 1523 1620 1579 atomatum

421 1641 529 1700 suum,
544 1623 631 1707 quod
646 1632 723 1710 post
744 1623 884 1708 apellum
910 1622 991 1686 illud
1006 1623 1226 1707 inprisonatus
1249 1621 1314 1685 fuit
1339 1620 1444 1684 dictus
1466 1615 1620 1703 probator

419 1723 507 1807 apud
523 1723 761 1809 Stangrundam
773 1733 807 1790 et
815 1724 861 1788 ibi
872 1725 967 1809 fregit
974 1725 1099 1808 gaolam
1112 1734 1145 1788 et
1156 1725 1259 1789 evasit
1270 1723 1423 1808 usquead
1435 1715 1618 1807 parcumde

422 1824 638 1909 Stangrunda,
651 1825 707 1890 ubi
718 1828 780 1891 fuit
794 1837 920 1911 captus,
930 1837 963 1890 et
977 1827 1011 1888 in
1027 1826 1176 1910 captione
1190 1827 1245 1890 illa
1256 1827 1455 1903 vulneratus,
1470 1824 1516 1887 ita
1530 1817 1618 1905 quod

419 1927 502 1991 obiit
517 1928 557 1991 de
580 1929 717 2012 quadam
731 1929 825 2012 plaga
849 1928 903 1991 illa
918 1927 1055 1990 mortali.
1100 1928 1146 1990 Et
1160 1929 1288 2012 quando
1303 1928 1402 1992 abbas
1426 1927 1466 1991 de
1480 1921 1619 1989 Torneia

418 2027 501 2090 vidit
516 2028 602 2111 quod
618 2029 658 2092 de
673 2028 766 2112 plaga
780 2028 834 2091 illa
849 2027 1017 2092 conualere
1032 2050 1099 2091 non
1113 2029 1232 2111 potuit,
1247 2029 1409 2092 commisit
1424 2050 1497 2092 eum
1521 2023 1618 2088 simul

418 2151 492 2194 cum
505 2130 650 2214 predicto
659 2131 682 2195 J
684 2131 823 2209 ohanne,
833 2130 1016 2194 vicecomiti
1028 2131 1251 2208 Huntedonie‚
1261 2130 1316 2215 qui
1326 2153 1381 2194 eos
1391 2127 1615 2214 inprisonavit,

416 2231 451 2294 in
476 2254 538 2316 qua
557 2232 688 2317 prisona
710 2233 797 2298 idem
823 2231 976 2317 probator
991 2230 1083 2310 obiit,
1107 2241 1141 2296 et
1164 2231 1250 2316 quod
1270 2232 1315 2294 ita
1338 2231 1381 2294 sit
1405 2229 1500 2294 offert
1514 2228 1614 2291 disra-

416 2335 551 2414 tionare,
575 2335 660 2402 sicut
685 2337 773 2400 curia
796 2334 1057 2412 consideraverit,
1082 2343 1116 2398 et
1141 2335 1228 2400 unde
1254 2335 1432 2420 dampnum
1455 2331 1554 2396 habet
1574 2329 1615 2392 ad

416 2439 593 2503 valenciam
609 2440 652 2504 xl.
669 2461 859 2517 marcarum,
880 2448 913 2502 ct
936 2437 1012 2502 inde
1038 2437 1189 2522 producit
1204 2447 1408 2517 sectam,etc.
1453 2434 1499 2498 Et
1513 2431 1613 2496 abbas

415 2541 456 2604 de
479 2539 621 2604 Torneia
635 2562 693 2624 per
707 2550 892 2606 aternatum
917 2562 1012 2604 suum
1027 2541 1117 2604 venit
1142 2551 1176 2606 et
1202 2541 1355 2626 cognovit
1378 2536 1611 2624 quodquidam

413 2643 563 2706 homines
579 2644 619 2707 de
634 2643 884 2708 Normaniscros
899 2644 1048 2708 hundred
1070 2645 1176 2729 questi
1198 2645 1329 2708 fuerunt
1350 2643 1391 2706 de
1414 2640 1529 2704 ovibus
1545 2637 1612 2702 suis

413 2745 527 2808 furatis
542 2755 576 2808 et
590 2745 774 2809 habuerunt
797 2745 959 2830 quendam
975 2745 1161 2824 Ricardum,
1185 2747 1240 2831 qui
1254 2757 1369 2830 postea
1392 2743 1523 2808 devenit
1536 2762 1612 2825 pro-

413 2846 517 2925 bator,
533 2855 566 2910 et
576 2845 676 2909 istum
691 2846 877 2910 Johannem
888 2847 920 2909 in
938 2847 1121 2930 suspicione
1136 2848 1177 2912 de
1196 2848 1282 2911 furto
1296 2847 1363 2925 illo,
1379 2855 1413 2910 et
1431 2845 1503 2908 illos
1519 2864 1613 2928 cepe-

413 2957 501 3028 runt,
516 2957 549 3012 et
564 2949 773 3012 detinuerunt
793 2948 825 3011 in
843 2949 986 3034 prisona,
1009 2971 1178 3034 quousque
1201 2951 1288 3013 idem
1306 2947 1464 3012 Ricardus
1481 2946 1611 3010 devenit

412 3051 577 3138 probator,
598 3063 631 3116 et
645 3074 683 3116 ea
697 3053 738 3116 de
753 3073 848 3117 causa
863 3053 1002 3116 maxime
1024 3053 1111 3138 cepit
1125 3053 1233 3139 ipsum
1248 3053 1433 3117 Johannem
1449 3050 1523 3135 quia
1544 3069 1611 3112 non

412 3157 475 3220 fuit
489 3156 522 3219 in
538 3154 755 3240 francoplegio
777 3156 923 3242 alicujus.
969 3157 1015 3220 Et
1025 3157 1100 3242 quia
1115 3158 1279 3242 predictus
1302 3155 1402 3220 abbas
1418 3155 1458 3219 de
1472 3152 1611 3218 Torneia

412 3280 470 3344 per
484 3275 669 3324 stornatum
693 3280 790 3322 suum
816 3259 979 3344 cognovit,
1005 3261 1093 3344 quod
1116 3270 1250 3346 propter
1274 3260 1379 3324 solam
1392 3256 1609 3342 suspicionem

412 3385 468 3426 eos
494 3360 707 3446 inprisonavit
730 3362 800 3424 sine
825 3363 931 3446 aliqua
954 3373 1042 3427 secta
1071 3385 1184 3428 versus
1206 3386 1273 3442 eos,
1297 3375 1331 3426 et
1365 3363 1435 3424 sine
1459 3356 1610 3441 eoquod

411 3465 542 3528 fuerunt
558 3463 659 3526 saisiti
676 3463 715 3525 de
730 3463 837 3545 aliquo
852 3464 1033 3541 latrocinio,
1042 3467 1128 3549 cepit
1139 3487 1195 3529 eos
1205 3476 1239 3528 et
1250 3463 1481 3549 inprisonavit3
1504 3457 1610 3523 consi·

412 3565 558 3632 deraturn
574 3572 625 3627 est
648 3564 735 3647 quod
750 3563 849 3627 abbas
865 3565 1057 3628 deTorneia
1072 3565 1161 3628 sitin
1188 3563 1406 3628 misericordia
1427 3561 1520 3647 regis.
1565 3561 1611 3626 Et

412 3664 576 3730 Robertus
604 3665 753 3752 Cameys,
784 3667 927 3730 serviens
960 3667 1132 3746 hundredi,
1161 3667 1217 3752 qui
1246 3689 1303 3730 eos
1332 3666 1428 3749 cepit,
1461 3663 1610 3728 commit·

411 3768 491 3830 titur
505 3766 614 3850 geole3
637 3789 656 3829 a
670 3766 784 3852 gayola
798 3776 911 3850 postea
926 3767 1121 3830 deliberatus
1136 3789 1194 3852 per
1208 3767 1379 3852 episcopos
1405 3765 1479 3850 quia
1493 3765 1609 3829 verita·

411 3881 478 3933 tem
509 3870 669 3952 cognovit.
736 3869 782 3932 Et
804 3869 973 3934 Johannes
997 3870 1037 3933 de
1065 3871 1162 3955 Hcly,
1192 3871 1247 3954 qui
1276 3868 1423 3932 interluit
1451 3867 1608 3953 capcioni,

410 3971 488 4036 dicit
513 3972 599 4056 quod
625 3972 777 4056 quicquid
800 3972 870 4056 ipse
896 3973 983 4052 fecit,
1013 3973 1089 4036 fecit
1114 3995 1172 4057 per
1193 3981 1382 4057 preceptum
1408 3970 1511 4055 ipsius
1541 3971 1607 4036 Ro-

408 4075 503 4155 berti,
528 4075 656 4160 etipse
686 4075 848 4140 Robertus
864 4076 921 4138 has
942 4076 972 4138 ei
987 4075 1216 4154 warentiaavit,
1236 4085 1269 4139 et
1282 4075 1356 4140 ideo
1379 4075 1518 4159 quietus.
1563 4077 1608 4140 Et

407 4178 576 4258 Johannes
592 4179 638 4244 de¹
649 4178 786 4242 Gravele
801 4188 967 4244 stornatus
994 4179 1129 4263 predicti
1154 4178 1279 4243 abbatis
1295 4179 1334 4244 de
1357 4180 1518 4244 Thorncia
1532 4201 1608 4264 cog·

407 4284 506 4356 novit
525 4284 611 4374 qnod
638 4284 742 4350 dictus
769 4282 868 4348 abbas
888 4282 1013 4358 audivit
1038 4283 1179 4368 apellum
1204 4284 1283 4348 illud
1299 4295 1331 4349 et
1346 4285 1426 4349 illud
1442 4285 1548 4348 tenuit
1572 4282 1606 4346 in
