3894 5024
397 627 460 684 150
715 637 928 685 canonican
946 635 1272 683 aaraoauacansa.

396 791 466 856 sine
488 790 605 856 herede
628 789 671 854 de'
691 811 737 855 se.
781 791 862 854 Post
887 796 1025 854 mortem
1040 789 1111 873 ejus
1134 787 1296 853 hereditas
1311 785 1480 851 descendit
1502 786 1594 852 fratri

397 914 456 957 suo
471 892 494 957 J
495 891 626 957 ohanni.
664 891 732 956 Iste
746 890 769 955 J
771 891 916 954 ohannes
930 889 1008 955 feeit
1020 888 1207 975 homagium
1218 897 1252 953 et
1261 887 1451 953 fidelitatem
1460 887 1593 953 domino

397 992 536 1058 Ricardo
562 992 603 1058 de
626 991 808 1056 Londoniis
831 989 953 1056 Abbati
979 989 1020 1054 de
1035 991 1145 1076 Burgo
1167 990 1271 1056 sancti
1296 991 1384 1055 Petri
1407 989 1459 1055 die
1474 988 1595 1054 Martis

395 1104 472 1182 post
491 1095 736 1160 conversionem
760 1094 864 1159 sancti
885 1093 989 1173 Pauli,
1005 1094 1103 1159 Anno
1119 1093 1317 1178 supradicto,
1331 1114 1391 1178 pro
1405 1099 1594 1158 tenemento

396 1197 483 1284 quod
507 1197 548 1262 de
562 1197 634 1282 ipso
659 1205 750 1262 tenet
772 1197 807 1261 in
822 1196 981 1275 Overton,
1003 1195 1037 1259 in
1052 1197 1219 1281 presencia
1233 1195 1379 1281 magistri
1402 1193 1538 1260 Roberti
1552 1193 1593 1257 de

397 1301 528 1366 Seuield
542 1308 621 1365 tunc
637 1287 804 1364 senescalli
820 1299 931 1385 Burgi,
947 1298 1084 1364 Domini
1108 1297 1248 1364 Galfridi
1262 1300 1303 1364 de
1319 1297 1493 1364 carletona
1521 1317 1595 1360 cus-

396 1403 483 1469 todis
506 1401 734 1482 maneriorum,
754 1402 883 1468 Nicolai
898 1403 939 1468 de
957 1401 1078 1467 Sancto
1094 1401 1265 1482 Medardo,
1282 1401 1305 1466 J
1307 1401 1444 1466 ohannis
1466 1399 1593 1477 Blome‚

397 1515 432 1571 et
445 1506 580 1571 aliorum
596 1505 784 1570 multorum.

175 1622 373 1689 (solennes.)
442 1607 694 1674 Memorandum
718 1606 806 1691 quod
830 1605 982 1672 dominus
997 1605 1182 1671 Willelmus
1202 1605 1242 1670 de
1259 1603 1416 1691 Kirlreby,
1440 1604 1539 1668 irater
1560 1612 1595 1668 et

177 1716 313 1763 willelnus
323 1713 354 1760 ‘¹0
399 1713 492 1776 heres
508 1709 631 1776 domini
645 1709 807 1775 Johannis
822 1709 863 1774 de
879 1709 1038 1794 Kirkeby,
1053 1708 1195 1774 Bliensis
1209 1707 1365 1793 episcopi,
1378 1707 1457 1772 iecit
1480 1707 1593 1771 homa-

175 1781 290 1840 Kirksby.

175 2155 239 2201 Ecce
256 2181 369 2200 .....

174 2219 198 2266 J.
210 2215 303 2264 Giffard
315 2216 346 2262 de

173 2280 335 2330 Ootharstoke.

399 1813 489 1898 gium
509 1821 544 1877 et
564 1810 754 1877 fidelitatem
778 1809 910 1875 domino
933 1810 1072 1876 Ricardo
1096 1811 1137 1875 de
1152 1809 1333 1876 Londoniis
1359 1808 1468 1875 abbati
1494 1809 1595 1895 Burgi

399 1915 499 1981 tercio
514 1913 668 1978 kalendas
691 1911 825 1998 Aprilis,
840 1934 926 1978 anno
941 1913 1078 1978 Domini
1092 1913 1201 1977 M⁰cc⁰
1214 1911 1424 1998 nonagesimo
1439 1913 1595 1994 secundo,

398 2017 433 2082 in
448 2037 573 2082 camera
584 2015 708 2080 domini
722 2014 848 2079 abbatis
863 2015 950 2100 apud
961 2015 1117 2102 Burgum,
1128 2037 1188 2101 pro
1203 2023 1390 2080 tenemento
1401 2017 1490 2100 quod
1504 2024 1595 2082 tenet

398 2121 433 2184 in
450 2118 667 2185 Cotherstolre
682 2127 716 2182 et
730 2117 895 2198 membris,
907 2118 941 2182 in
956 2119 1123 2204 presencia
1137 2118 1284 2204 magistri
1298 2117 1434 2182 Boberti
1457 2118 1498 2184 de
1513 2119 1594 2184 Sau-

399 2223 464 2290 leld
480 2220 647 2287 senescalli
664 2219 774 2306 Burgi,
789 2220 955 2286 Willelmi
970 2221 1085 2306 Ingne,
1100 2221 1224 2287 domini
1241 2218 1396 2285 Willelmi
1410 2219 1451 2285 de
1472 2221 1595 2288 Wode·

396 2326 480 2405 ford,
495 2323 601 2389 fratris
617 2324 660 2389 G.
676 2324 717 2388 de
733 2323 900 2388 Croulond
915 2325 1149 2390 monachorum
1165 2332 1199 2389 et
1213 2323 1350 2388 aliorum
1364 2323 1553 2389 multorum.

440 2427 692 2493 Memorandum
707 2427 796 2512 quod
804 2425 988 2492 Willelmus
1002 2428 1110 2514 Treyli
1127 2427 1166 2492 de
1177 2425 1377 2492 Wodelorde
1391 2425 1468 2490 fecit
1481 2425 1595 2492 homa-

394 2531 482 2617 gium
506 2539 541 2596 et
562 2529 751 2595 fidelitatem
775 2530 908 2595 domino
931 2531 1069 2596 Ricardo
1090 2531 1131 2595 de
1153 2528 1334 2595 Londoniis
1358 2527 1468 2593 abbati
1482 2529 1595 2616 Burgi,

394 2633 498 2718 pridie
509 2632 622 2696 Nonas
632 2631 810 2716 A(u)gusti,
825 2653 911 2696 enno
923 2631 1059 2696 Domini
1069 2632 1187 2696 M⁰oc⁰.
1199 2629 1420 2715 Nonagesimo
1433 2629 1594 2715 Secundo,

395 2735 430 2798 in
456 2755 582 2798 camera
607 2733 732 2797 domini
760 2723 888 2798 abbatis
914 2733 1002 2818 apud
1028 2734 1185 2818 Burgum,
1200 2755 1259 2818 pro
1289 2741 1477 2798 tenemento
1506 2737 1595 2820 quod

270 2849 319 2894 ium
347 2863 360 2894 e
395 2845 486 2902 tenet
510 2836 545 2900 in
578 2835 790 2913 Wodeforde,
816 2835 848 2899 in
880 2836 1047 2920 presencia
1072 2836 1197 2901 domini
1223 2836 1296 2900 Blie
1324 2835 1366 2900 de
1392 2835 1594 2922 Belringham

263 2929 276 2960 ⁰
306 2928 326 2959 ⁹*
395 2939 519 3003 domini
543 2938 640 3024 Regia
652 2937 834 3022 justiciarii,
859 2937 984 3004 domini
998 2939 1155 3005 Willelmi
1181 2940 1222 3004 de
1237 2938 1436 3004 Wodeforde
1462 2939 1594 3008 sacriste

396 3041 506 3127 Burgi,
522 3040 667 3128 magistri
682 3039 817 3105 Boberti
833 3040 873 3105 de
889 3040 1021 3106 Saufeld
1036 3051 1071 3107 et
1085 3042 1233 3108 aliorum.

438 3143 690 3207 Memorandum
705 3142 793 3227 quod
809 3143 907 3229 Hugo
922 3142 1010 3208 filius
1025 3143 1167 3208 Gilberti
1189 3145 1230 3209 de
1245 3143 1376 3209 Bemak
1390 3144 1466 3209 lecit
1480 3145 1595 3211 homa·

394 3245 482 3330 glum
499 3255 533 3310 et
545 3245 735 3310 fidelitatem
750 3245 884 3310 domino
896 3245 1036 3312 Ricardo
1048 3246 1088 3311 de
1103 3245 1286 3312 Londoniis
1301 3245 1411 3311 abbati
1428 3247 1529 3334 Burgi
1543 3249 1595 3314 die

396 3348 515 3418 Martis
530 3346 678 3432 proximo
704 3355 781 3433 post
806 3349 928 3412 festum
943 3347 1046 3412 sancti
1061 3347 1177 3413 Jacobi
1197 3348 1335 3433 apostoli
1358 3371 1445 3413 anno
1460 3351 1596 3416 Domini

398 3451 505 3514 M⁰cc⁰
514 3449 735 3535 Nona-gesimo
746 3449 873 3530 Tercio,
883 3449 917 3513 in
930 3472 1056 3516 camera
1066 3450 1192 3514 domini
1202 3450 1329 3515 abbatis
1340 3449 1428 3535 apud
1439 3451 1596 3535 Burgum,

200 3586 215 3617 ο
271 3573 276 3584 ·
348 3587 362 3618 0
397 3573 456 3637 pro
472 3561 659 3616 tenemento
674 3553 763 3636 quod
776 3553 913 3617 tenetin
928 3554 1059 3618 Bemak
1073 3563 1107 3619 et
1122 3553 1282 3632 Cathwat,
1296 3554 1331 3617 in
1346 3552 1513 3638 presencia
1527 3575 1596 3618 ma-

273 3669 280 3684 ·
396 3651 488 3736 gistri
512 3649 647 3715 Boberti
674 3652 714 3716 de
738 3652 872 3717 Sauleld
895 3655 1062 3718 senescalli
1089 3655 1200 3740 Burgi,
1226 3654 1333 3718 fratris
1361 3651 1529 3716 Humfridi
1555 3654 1596 3721 de

398 3751 535 3831 Sellord,
559 3760 593 3817 et
618 3753 725 3817 fratris
752 3754 824 3818 Ado
850 3755 891 3820 de
921 3755 1103 3839 Clipstona,
1137 3755 1262 3820 domini
1301 3753 1436 3818 Henrici
1461 3758 1597 3824 rectoris

397 3853 542 3919 Ecclesia
558 3853 598 3918 de
614 3853 788 3938 Cloptona,
803 3865 837 3920 et
851 3856 987 3920 aliorum
1004 3859 1193 3924 multorum.

441 3957 693 4022 Memorandum
719 3958 807 4041 quod
836 3958 888 4022 die
914 3957 1032 4023 Martis
1062 3961 1210 4045 proximo
1239 3969 1318 4047 post
1346 3960 1596 4030 decollacionem

397 4058 670 4125 sanotiJohannis
682 4059 937 4145 Baptiste,anno
953 4061 1090 4128 Domini
1106 4064 1223 4129 M⁰cc⁰.
1236 4064 1459 4150 Nonagesimo
1471 4077 1598 4150 quarto,

395 4163 473 4230 fecit
487 4163 671 4230 Willelmus
686 4163 772 4230 filius
789 4165 812 4232 J
814 4165 951 4233 ohannis
967 4167 1089 4234 Fauvel
1114 4167 1155 4234 de
1169 4167 1337 4235 Walecote
1363 4167 1550 4257 homagium
1565 4179 1599 4236 et
